% Encoding: UTF-8

%====== A ======%
@article{Agra11,
  title={Inferences about the distribution of dominance drawn from yeast gene knockout data},
  author={Agrawal, Aneil F and Whitlock, Michael C},
  journal={Genetics},
  abb={Genetics},
  volume={187},
  number={2},
  pages={553--566},
  year={2011},
  publisher={Genetics Soc America}
}

@article{Agui14,
  title={Comparing {G}: multivariate analysis of genetic variation in multiple populations},
  author={Aguirre, JD and Hine, E and McGuigan, K and Blows, MW},
  journal={Heredity},
  abb={Heredity},
  volume={112},
  number={1},
  pages={21--29},
  year={2014},
  publisher={Nature Publishing Group}
}

@article{Aitc82,
   author = {Aitchison, John},
   title = {The statistical analysis of compositional data},
   journal = {Journal of the Royal Statistical Society: Series B},
  abb={J. Royal Stat. Soc. B},
   volume = {44},
   number = {2},
   pages = {139-160},
   ISSN = {0035-9246},
   year = {1982},
   type = {Journal Article}
}

@article{Ajie05,
   author = {Ajie, Beverly C and Estes, Suzanne and Lynch, Michael and Phillips, Patrick C},
   title = {Behavioral degradation under mutation accumulation in \textit{Caenorhabditis elegans}},
   journal = {Genetics},
  abb={Genetics},
   volume = {170},
   number = {2},
   pages = {655--660},
   ISSN = {0016-6731},
   year = {2005},
   type = {Journal Article}
}

@article{Alle17,
  title={Sexual selection on spontaneous mutations strengthens the between-sex genetic correlation for fitness},
  author={Allen, Scott L and McGuigan, Katrina and Connallon, Tim and Blows, Mark W and Chenoweth, Stephen F},
  journal={Evolution},
  abb={Evolution},
  volume={71},
  number={10},
  pages={2398--2409},
  year={2017},
  publisher={Wiley Online Library}
}

@article{Alle17B,
   author = {Allen, Scott L and Delaney, Emily K and Kopp, Artyom and Chenoweth, Stephen F},
   title = {Single-molecule sequencing of the \textit{Drosophila serrata} genome},
   journal = {G3: Genes, Genomes, Genetics},
  abb={G3: Genes, Genomes, Genetics},
   volume = {7},
   number = {3},
   pages = {781-788},
   ISSN = {2160-1836},
   year = {2017},
   type = {Journal Article}
}

@article{Amad10,
   author = {Amador, Carmen and Garc{\'\i}a-Dorado, Aurora and Bersab{\'e}, Diego and L{\'o}pez-Fanjul, Carlos},
   title = {Regeneration of the variance of metric traits by spontaneous mutation in a \textit{Drosophila} population},
   journal = {Genetics Research},
   abb = {Genet. Res.},
   volume = {92},
   number = {02},
   pages = {91-102},
   ISSN = {1469--5073},
   year = {2010},
   type = {Journal Article}
}

@article{Anan16,
  title={Next generation sequencing of pooled samples: guideline for variants’ filtering},
  author={Anand, Santosh and Mangano, Eleonora and Barizzone, Nadia and Bordoni, Roberta and Sorosina, Melissa and Clarelli, Ferdinando and Corrado, Lucia and Boneschi, Filippo Martinelli and D’Alfonso, Sandra and De Bellis, Gianluca},
  journal={Scientific reports},
  abb={Sci. Rep.},
  volume={6},
  pages={33735-33735},
  year={2016},
  publisher={Nature Publishing Group}
}


@article{Ando05,
  title={Adaptive evolution of non-coding {DNA} in \textit{Drosophila}},
  author={Andolfatto, Peter},
  journal={Nature},
  abb={Nature},
  volume={437},
  number={7062},
  pages={1149--1152},
  year={2005},
  publisher={Nature Publishing Group}
}

@misc{Andr12,
  title={Fast{QC}: A quality control application for high throughput sequence data},
  author={Andrews, S},
  howpublished ={Babraham Institute Project page: \url{http://www.bioinformatics.bbsrc.ac.uk/projects/fastqc}},
  year={2012},
  note = {(Version 0.11.8)}
}

@article{Avil02,
   author = {{\'A}vila, Victoria and Garc{\'\i}a-Dorado, Aurora},
   title = {The effects of spontaneous mutation on competitive fitness in \textit{Drosophila melanogaster}},
   journal = {Journal of Evolutionary Biology},
  abb={J. Evol. Biol.},
   volume = {15},
   number = {4},
   pages = {561--566},
   ISSN = {1420-9101},
   year = {2002},
   type = {Journal Article}
}


@article{Avil06,
  title={Increase of the spontaneous mutation rate in a long-term experiment with \textit{Drosophila melanogaster}},
  author={{\'A}vila, Victoria and Chavarr{\'\i}as, David and S{\'a}nchez, Enrique and Manrique, Antonio and L{\'o}pez-Fanjul, Carlos and Garc{\'\i}a-Dorado, Aurora},
  journal={Genetics},
  abb={Genetics},
  volume={173},
  number={1},
  pages={267--277},
  year={2006},
  publisher={Genetics Soc America}
}


@Article{Azev02,
  author  = {Azevedo, Ricardo BR and Keightley, Peter D and Laur{\'e}n-M{\"a}{\"a}tt{\"a}, Camilla and Vassilieva, Larissa L and Lynch, Michael and Leroi, Armand M},
  title   = {Spontaneous mutational variation for body size in \textit{Caenorhabditis elegans}},
  journal = {Genetics},
  abb = {Genetics},
  year    = {2002},
  volume  = {162},
  number  = {2},
  pages   = {755--765},
  issn    = {0016-6731},
  type    = {Journal Article},
}




%====== B ======%
@article{Baer05,
  title={Comparative evolutionary genetics of spontaneous mutations affecting fitness in rhabditid nematodes},
  author={Baer, Charles F and Shaw, Frank and Steding, Catherine and Baumgartner, Margaret and Hawkins, Alicia and Houppert, Andrew and Mason, Nicole and Reed, Marissa and Simonelic, Kevin and Woodard, Wayne and others},
  journal={Proceedings of the National Academy of Sciences},
  abb={Proc. Natl. Acad. Sci. },
  volume={102},
  number={16},
  pages={5785--5790},
  year={2005},
  publisher={National Acad Sciences}
}

@article{Baer06,
   author = {Baer, Charles F and Phillips, Naomi and Ostrow, Dejerianne and Avalos, Ari{\'a}n and Blanton, Dustin and Boggs, Ashley and Keller, Thomas and Levy, Laura and Mezerhane, Edward},
   title = {Cumulative effects of spontaneous mutations for fitness in Caenorhabditis: role of genotype, environment and stress},
   journal = {Genetics},
   abb= {Genetics},
   volume = {174},
   number = {3},
   pages = {1387--1395},
   ISSN = {0016-6731},
   year = {2006},
   type = {Journal Article}
}


@article{Baer08,
  title={Quantifying the decanalizing effects of spontaneous mutations in rhabditid nematodes},
  author={Baer, Charles F},
  journal={The American Naturalist},
  abb={Am. Nat.},
  volume={172},
  number={2},
  pages={272--281},
  year={2008},
  publisher={The University of Chicago Press}
}


@article{Baer10a,
  title={Rapid decline in fitness of mutation accumulation lines of gonochoristic (outcrossing) \textit{Caenorhabditis nematodes}},
  author={Baer, Charles F and Joyner-Matos, Joanna and Ostrow, Dejerianne and Grigaltchik, Veronica and Salomon, Matthew P and Upadhyay, Ambuj},
  journal={Evolution},
  abb={Evolution},
  volume={64},
  number={11},
  pages={3242--3253},
  year={2010},
  publisher={Wiley Online Library}
}

@article{Baer10b,
  title={Spontaneous mutations decrease sensitivity of gene expression to random environmental variation in \textit{Caenorhabditis elegans}},
  author={Baer, Charles F and Denver, Dee R},
  journal={PloS one},
  abb={PloS one},
  volume={5},
  number={1},
  pages ={e8750}, 
  year={2010},
  publisher={Public Library of Science}
}

@article{Bail59,
   author = {Bailey, Donald W},
   title = {Rates of subline divergence in highly inbred strains of mice},
   journal = {Journal of Heredity}, 
   abb = {J. Hered}, 
   volume = {50},
   number = {1},
   pages = {26--30},
   ISSN = {0022-1503},
   year = {1959},
   type = {Journal Article}
}

@article{Base19,
   author = {Baselmans, Bart ML and Jansen, Rick and Ip, Hill F and van Dongen, Jenny and Abdellaoui, Abdel and van de Weijer, Margot P and Bao, Yanchun and Smart, Melissa and Kumari, Meena and Willemsen, Gonneke},
   title = {Multivariate genome-wide analyses of the well-being spectrum},
  journal={Nature Genetics},
  abb ={Nat. Genet.},
   volume = {51},
   number = {3},
   pages = {445-451},
   ISSN = {1061-4036},
   year = {2019},
   type = {Journal Article}
}

@article{Barg19,
   author = {Barghi, Neda and Tobler, Raymond and Nolte, Viola and Jak{\v{s}}i{\'c}, Ana Marija and Mallard, Fran{\c{c}}ois and Otte, Kathrin Anna and Dolezal, Marlies and Taus, Thomas and Kofler, Robert and Schl{\"o}tterer, Christian},
   title = {Genetic redundancy fuels polygenic adaptation in \textit{Drosophila}},
   journal = {PLoS Biology},
  abb = {PLoS Biol.},
   volume = {17},
   number = {2},
   pages = {e3000128},
   ISSN = {1544-9173},
   year = {2019},
   type = {Journal Article}
}

@Article{Bart90,
  author  = {Barton, N. H.},
  title   = {Pleiotropic models of quantitative variation},
  journal = {Genetics},
  abb = {Genetics},
  year    = {1990},
  volume  = {124},
  number  = {3},
  pages   = {773--782},
  issn    = {0016-6731 (Print)
0016-6731 (Linking)},
  type    = {Journal Article},
  url     = {http://www.ncbi.nlm.nih.gov/pubmed/2311921},
}

@Article{Bart98,
  author  = {Barton, Nicholas H and Charlesworth, Brian},
  title   = {Why sex and recombination?},
  journal = {Science},
  abb = {Science},
  year    = {1998},
  volume  = {281},
  number  = {5385},
  pages   = {1986--1990},
  issn    = {0036-8075},
  type    = {Journal Article},
}


@article{Bart89,
  title={Evolutionary quantitative genetics: how little do we know?},
  author={Barton, Nick H and Turelli, Michael},
  journal={Annual review of genetics},
  abb={Annu. Rev. Genet.},
  volume={23},
  number={1},
  pages={337--370},
  year={1989},
  publisher={Annual Reviews 4139 El Camino Way, PO Box 10139, Palo Alto, CA 94303-0139, USA}
}

@article{Bart02,
  title={Understanding quantitative genetic variation},
  author={Barton, Nicholas H and Keightley, Peter D},
  journal={Nature Reviews Genetics},
  abb={Nat. Rev. Genet.},
  volume={3},
  number={1},
  pages={11--21},
  year={2002},
  publisher={Nature Publishing Group}
}

@article{Bans10,
  title={A statistical method for the detection of variants from next-generation resequencing of {DNA} pools},
  author={Bansal, Vikas},
  journal={Bioinformatics},
  abb={Bioinformatics},
  volume={26},
  number={12},
  pages={i318--i324},
  year={2010},
  publisher={Oxford University Press}
}

@article{Bata11,
   author = {Bataillon, Thomas and Zhang, Tianyi and Kassen, Rees},
   title = {Cost of adaptation and fitness effects of beneficial mutations in \textit{Pseudomonas fluorescens}},
   journal = {Genetics},
  abb={Genetics},
   volume = {189},
   number = {3},
   pages = {939-949},
   ISSN = {1943-2631},
   DOI = {10.1534/genetics.111.130468},
   url = {https://doi.org/10.1534/genetics.111.130468},
   year = {2011},
   type = {Journal Article}
}

@Article{Bata14,
  author        = {Bataillon, Thomas and Bailey, Susan F},
  title         = {Effects of new mutations on fitness: {I}nsights from models and data},
  journal       = {Annals of the New York Academy of Sciences},
  abb       = {Ann. N.Y. Aca. Sci.},
  year          = {2014},
  volume        = {1320},
  number        = {1},
  pages         = {76--92},
  issn          = {1749-6632},
  __markedentry = {[s4235890:]},
  type          = {Journal Article},
}

@Article{Begi06,
  author  = {B{\'e}gin, Mattieu and Schoen, Daniel J},
  title   = {Low impact of germline transposition on the rate of mildly deleterious mutation in \textit{Caenorhabditis elegans}},
  journal = {Genetics},
  abb = {Genetics},
  year    = {2006},
  volume  = {174},
  number  = {4},
  pages   = {2129--2136},
  issn    = {0016-6731},
  type    = {Journal Article},
}

@article{Belt20,
  title={Epimutations driven by small {RNAs} arise frequently but most have limited duration in \textit{Caenorhabditis elegans}},
  author={Beltran, Toni and Shahrezaei, Vahid and Katju, Vaishali and Sarkies, Peter},
  journal={Nature Ecology \& Evolution},
  abb={Nat. Ecol. Evol.},
  volume={4},
  number={11},
  pages={1539--1548},
  year={2020},
  publisher={Nature Publishing Group}
}


@article{Benj95,
  title={Controlling the false discovery rate: a practical and powerful approach to multiple testing},
  author={Benjamini, Yoav and Hochberg, Yosef},
  journal={Journal of the Royal Statistical Society: Series B},
  abb={J. Royal Stat. Soc. B},
  volume={57},
  number={1},
  pages={289--300},
  year={1995},
  publisher={Wiley Online Library}
}

@article{Berg01,
  title={Analysis of conserved noncoding {DNA} in Drosophila reveals similar constraints in intergenic and intronic sequences},
  author={Bergman, Casey M and Kreitman, Martin},
  journal={Genome Research},
  abb={Genome Res.},
  volume={11},
  number={8},
  pages={1335--1345},
  year={2001},
  publisher={Cold Spring Harbor Lab}
}

@article{Bern19,
   author = {Berner, Daniel},
   title = {Allele frequency difference {AFD – }an intuitive alternative to {$F_{ST}$} for quantifying genetic population differentiation},
   journal = {Genes},
   abb = {Genes},
   volume = {10},
   number = {4},
   pages = {308},
   year = {2019},
   type = {Journal Article}
}


@article{Bese19,
  title={Direct estimation of mutations in great apes reconciles phylogenetic dating},
  author={Besenbacher, S{\o}ren and Hvilsom, Christina and Marques-Bonet, Tomas and Mailund, Thomas and Schierup, Mikkel Heide},
  journal={Nature Ecology \& Evolution},
  abb ={Nat. Ecol. Evol.},
  volume={3},
  number={2},
  pages={286--292},
  year={2019},
  publisher={Nature Publishing Group}
}

@article{Besn20,
  title={A broad mutational target explains a fast rate of phenotypic evolution},
  author={Besnard, Fabrice and Picao-Osorio, Joao and Dubois, Cl{\'e}ment and F{\'e}lix, Marie-Anne},
  journal={Elife},
  abb ={Elife},
  volume={9},
  pages={e54928},
  year={2020},
  publisher={eLife Sciences Publications Limited}
}

@article{Bitn99,
  title={Plasticity of \textit{Drosophila melanogaster} wing morphology{:} effects of sex, temperature and density},
  author={BitnerMath{\'e}, Blanche Christine and Klaczko, Louis Bernard},
  journal={Genetica},
  abb={Genetica},
  volume={105},
  number={2},
  pages={203--210},
  year={1999},
  publisher={Springer}
}

@article{Blow98,
   author = {Blows, Mark W and Allan, Rachel A},
   title = {Levels of mate recognition within and between two \textit{Drosophila} species and their hybrids},
   journal = {The American Naturalist},
  abb ={Am. Nat.},
   volume = {152},
   number = {6},
   pages = {826-837},
   ISSN = {0003-0147},
   year = {1998},
   type = {Journal Article}
}

@article{Blow15,
  title={The distribution of genetic variance across phenotypic space and the response to selection.},
  author={Blows, MW and Mcguigan, K and others},
  journal={Molecular Ecology},
  abb ={Mol. Ecol.},
  volume={24},
  number={9},
  pages={2056--2072},
  year={2015},
  publisher={Wiley-Blackwell}
}

@article{Brae10,
   author = {Braendle, Christian and Baer, Charles F and Félix, Marie-Anne},
   title = {Bias and evolution of the mutationally accessible phenotypic space in a developmental system},
  journal = {PLos Genetics},
  abb = {PLos Genet.},
   volume = {6},
   number = {3},
   page = {e1000877},
   year = {2010},
   type = {Journal Article}
}

@Article{Boyk08,
  author  = {Boyko, Adam R and Williamson, Scott H and Indap, Amit R and Degenhardt, Jeremiah D and Hernandez, Ryan D and Lohmueller, Kirk E and Adams, Mark D and Schmidt, Steffen and Sninsky, John J and Sunyaev, Shamil R},
  title   = {Assessing the evolutionary impact of amino acid mutations in the human genome},
  journal = {PLos Genetics},
  abb = {PLos Genet.},
  year    = {2008},
  volume  = {4},
  number  = {5},
  pages   = {e1000083},
  issn    = {1553-7404},
  type    = {Journal Article},
}

@article{Boyl17,
  title={An expanded view of complex traits{:} from polygenic to omnigenic},
  author={Boyle, Evan A and Li, Yang I and Pritchard, Jonathan K},
  journal={Cell},
  abb={Cell},
  volume={169},
  number={7},
  pages={1177--1186},
  year={2017},
  publisher={Elsevier}
}

@article{Burc99,
   author = {Burch, Christina L and Chao, Lin},
   title = {Evolution by small steps and rugged landscapes in the {RNA} virus $\phi$6},
   journal = {Genetics},
   abb={Genetics},
   volume = {151},
   number = {3},
   pages = {921-927},
   ISSN = {1943-2631},
   year = {1999},
   type = {Journal Article}
}

@article{Burc07,
  title={Experimental estimate of the abundance and effects of nearly neutral mutations in the {RNA} virus $\phi$6},
  author={Burch, Christina L and Guyader, Sebastien and Samarov, Daniel and Shen, Haipeng},
  journal={Genetics},
  abb={Genetics},
  volume={176},
  number={1},
  pages={467--476},
  year={2007},
  publisher={Genetics Soc America}
}

@Book{Burg00,
  title     = {The {M}athematical {T}heory of {S}election, {R}ecombination, and {M}utation},
  publisher = {Wiley Chichester},
  year      = {2000},
  author    = {B{\"u}rger, Reinhard},
}

@article{Burg89,
  title={Linkage and the maintenance of heritable variation by mutation-selection balance.},
  author={B{\"u}rger, R},
  journal={Genetics},
  abb={Genetics},
  volume={121},
  number={1},
  pages={175--184},
  year={1989},
  publisher={Genetics Soc America}
}

@article{Burk10,
   author = {Burke, Molly K and Dunham, Joseph P and Shahrestani, Parvin and Thornton, Kevin R and Rose, Michael R and Long, Anthony D},
   title = {Genome-wide analysis of a long-term evolution experiment with \textit{Drosophila}},
   journal = {Nature},
   abb = {Nature},
   volume = {467},
   number = {7315},
   pages = {587-590},
   ISSN = {1476-4687},
   year = {2010},
   type = {Journal Article}
}

@article{Burk12,
   author = {Burke, Molly K},
   title = {How does adaptation sweep through the genome? {I}nsights from long-term selection experiments},
   journal = {Proceedings of the Royal Society B: Biological Sciences},
   abb={Proc. R. Soc. B},
   volume = {279},
   number = {1749},
   pages = {5029-5038},
   ISSN = {0962-8452},
   year = {2012},
   type = {Journal Article}
}

@article{Bycr18,
   author = {Bycroft, Clare and Freeman, Colin and Petkova, Desislava and Band, Gavin and Elliott, Lloyd T and Sharp, Kevin and Motyer, Allan and Vukcevic, Damjan and Delaneau, Olivier and O’Connell, Jared},
   title = {The UK Biobank resource with deep phenotyping and genomic data},
   journal = {Nature},
   abb = {Nature},
   volume = {562},
   number = {7726},
   pages = {203-209},
   ISSN = {1476-4687},
   year = {2018},
   type = {Journal Article}
}

%====== C ======%
@article{Caba94,
  author  = {Caballero, Armando and Peter D. Keightley},
  title   = {A pleiotropic nonadditive model of variation in quantitative traits},
  journal = {Genetics},
  abb = {Genetics },
  year    = {1994},
  volume  = {138},
  pages   = {883--900},
  type    = {Journal Article},
}

@article{Caba97,
  title={Average dominance for polygenes: drawbacks of regression estimates},
  author={Caballero, Armando and Keightley, Peter D and Turelli, Michael},
  journal={Genetics},
  abb ={Genetics},
  volume={147},
  number={3},
  pages={1487},
  year={1997},
  publisher={Genetics Society of America}
}

@article{Caba02,
   author = {Caballero, A and Cusi, E and Garcia, C and García‐Dorado, A},
   title = {Accumulation of deleterious mutations: additional \textit{Drosophila melanogaster} estimates and a simulation of the effects of selection},
   journal = {Evolution},
   abb = {Evolution},
   volume = {56},
   number = {6},
   pages = {1150--1159},
   ISSN = {0014-3820},
   year = {2002},
   type = {Journal Article}
}
@article{Cama00,
   author = {Camara, Mark D and Ancell, Carrie A and Pigliucci, Massimo},
   title = {Induced mutations{:} a novel tool to study phenotypic integration and evolutionary constraints in \textit{Arabidopsis thaliana}},
   journal = {Evolutionary Ecology Research},
   abb={Evol. Ecol. Res.},
   volume = {2},
   number = {8},
   pages = {1009-1029},
   ISSN = {1522-0613},
   year = {2000},
   type = {Journal Article}
}

@article{Carr11,
   author = {Carreira, Valeria P and Soto, Ignacio M and Mensch, Julián and Fanara, Juan J},
   title = {Genetic basis of wing morphogenesis in \textit{Drosophila}{:} sexual dimorphism and non-allometric effects of shape variation},
   journal = {BMC Developmental Biology},
   abb = {BMC Dev. Biol},
   volume = {11},
   pages = {32},
   ISSN = {1471-213X},
   year = {2011},
   type = {Journal Article}
}

@article{Case08,
   author = {Casellas, J. and Medrano, J. F.},
   title = {Within-generation mutation variance for litter size in inbred mice},
   journal = {Genetics},
   abb = {Genetics},
   volume = {179},
   number = {4},
   pages = {2147--55},
   ISSN = {0016-6731 (Print)
0016-6731 (Linking)},
   DOI = {10.1534/genetics.108.088070},
   url = {http://www.ncbi.nlm.nih.gov/pubmed/18660537},
   year = {2008},
   type = {Journal Article}
}

@article{Cavi85,
  title={Temperature-related divergence in experimental populations of \textit{Drosophila melanogaster}. {I}. Genetic and developmental basis of wing size and shape variation},
  author={Cavicchi, Sandro and Guerra, Daniela and Giorgi, Gianfranco and Pezzoli, Cristina},
  journal={Genetics},
  abb = {Genetics},
  volume={109},
  number={4},
  pages={665--689},
  year={1985},
  publisher={Oxford University Press}
}

@article{Chev84,
   author = {Cheverud, J. M.},
   title = {Quantitative Genetics and Developmental Constraints on Evolution by Selection},
   journal = {Journal of Theoretical Biology},
   abb={J. Theor. Biol.},
   volume = {110},
   number = {2},
   pages = {155--171},
   ISSN = {0022-5193},
   DOI = {Doi 10.1016/S0022-5193(84)80050-8},
   url = {<Go to ISI>://WOS:A1984TN54900002},
   year = {1984},
   type = {Journal Article}
}

@article{Chan03,
   author = {Chang, Shu‐Mei and Shaw, Ruth G},
   title = {The contribution of spontaneous mutation to variation in environmental response in \textit{Arabidopsis thaliana}: responses to nutrients},
   journal = {Evolution},
   abb = {Evolution},
   volume = {57},
   number = {5},
   pages = {984--994},
   ISSN = {0014-3820},
   year = {2003},
   type = {Journal Article}
}

@article{Char98,
   author = {Charlesworth, Brian},
   title = {Measures of divergence between populations and the effect of forces that reduce variability},
   journal = {Molecular Biology and Evolution},
  abb = {Mol. Biol. Evol.},
   volume = {15},
   number = {5},
   pages = {538-543},
   ISSN = {1537-1719},
   year = {1998},
   type = {Journal Article}
}

@Article{Char09,
  author  = {Charlesworth, Brian},
  title   = {Effective population size and patterns of molecular evolution and variation},
  journal = {Nature Reviews Genetics},
  abb = {Nat. Rev. Genet.},
  year    = {2009},
  volume  = {10},
  number  = {3},
  pages   = {195--205},
  issn    = {1471-0056},
  type    = {Journal Article},
}

@article{Char04,
   author = {Charlesworth, Brian and Borthwick, Helen and Bartolom{\'e}, Carolina and Pignatelli, Patricia},
   title = {Estimates of the genomic mutation rate for detrimental alleles in \textit{Drosophila melanogaster}},
   journal = {Genetics},
   abb = {Genetics},
   volume = {167},
   number = {2},
   pages = {815--826},
   ISSN = {0016-6731},
   year = {2004},
   type = {Journal Article}
}


@article{Char07,
  title={The other side of the nearly neutral theory, evidence of slightly advantageous back-mutations},
  author={Charlesworth, Jane and Eyre-Walker, Adam},
  journal={Proceedings of the National Academy of Sciences},
  abb={Proc. Natl. Acad. Sci.},
  volume={104},
  number={43},
  pages={16992--16997},
  year={2007},
  publisher={National Acad Sciences}
}

@article{Char87,
  title={Inbreeding depression and its evolutionary consequences},
  author={Charlesworth, D and Charlesworth, B},
  journal={Annual Review of Ecology and Systematics},
  abb ={Annu. Rev. Ecol. Syst.},
  volume={18},
  number={1},
  pages={237--268},
  year={1987},
  publisher={Annual Reviews 4139 El Camino Way, PO Box 10139, Palo Alto, CA 94303-0139, USA}
}

@article{char15,
  title={Causes of natural variation in fitness{:} evidence from studies of \textit{Drosophila} populations},
  author={Charlesworth, Brian},
  journal={Proceedings of the National Academy of Sciences},
  abb={PNAS},
  volume={112},
  number={6},
  pages={1662--1669},
  year={2015},
  publisher={National Acad Sciences}
}

@article{Chav01,
   author = {Chavarr{\'\i}as, David and L{\'o}pez-Fanjul, Carlos and Garc{\'\i}a-Dorado, Aurora},
   title = {The rate of mutation and the homozygous and heterozygous mutational effects for competitive viability: a long-term experiment with \textit{Drosophila melanogaster}},
   journal = {Genetics},
   abb = {Genetics},
   volume = {158},
   number = {2},
   pages = {681--693},
   ISSN = {0016-6731},
   year = {2001},
   type = {Journal Article}
}

@article{Cing12,
   author = {Cingolani, Pablo and Platts, Adrian and Wang, Le Lily and Coon, Melissa and Nguyen, Tung and Wang, Luan and Land, Susan J and Lu, Xiangyi and Ruden, Douglas M},
   title = {A program for annotating and predicting the effects of single nucleotide polymorphisms, {S}np{E}ff{:} {SNP}s in the genome of \textit{Drosophila melanogaster} strain w1118{;} iso-2{;} iso-3},
   journal = {Fly},
   abb = {Fly},
   volume = {6},
   number = {2},
   pages = {80-92},
   ISSN = {1933-6934},
   year = {2012},
   type = {Journal Article}
}


@article{Clar95,
   author = {Clark, A. G. and Wang, L. and Hulleberg, T.},
   title = {Spontaneous mutation rate of modifiers of metabolism in Drosophila},
   journal = {Genetics},
   abb = {Genetics},
   volume = {139},
   number = {2},
   pages = {767--779},
   ISSN = {0016-6731},
   url = {<Go to ISI>://WOS:A1995QE14500020},
   year = {1995},
   type = {Journal Article}
}

@article{Clar93,
   author = {Clarke, David K and Duarte, ELIZABETH A and Moya, ANDRES and Elena, SANTIAGO F and Domingo, E and Holland, J},
   title = {Genetic bottlenecks and population passages cause profound fitness differences in {RNA} viruses},
   journal = {Journal of Virology},
   abb = {J. Virol.},
   volume = {67},
   number = {1},
   pages = {222--228},
   ISSN = {0022-538X},
   year = {1993},
   type = {Journal Article}
}


@Article{Clay55,
  author  = {Clayton, G. and Robertson, Alan},
  title   = {Mutation and Quantitative Variation},
  journal = {The American Naturalist},
  abb = {Am. Nat.},
  year    = {1955},
  volume  = {89},
  number  = {846},
  pages   = {151--158},
  doi     = {doi:10.1086/281874},
  type    = {Journal Article},
  url     = {http://www.journals.uchicago.edu/doi/abs/10.1086/281874},
}

@article{Coop10,
   author = {Coop, Graham and Witonsky, David and Di Rienzo, Anna and Pritchard, Jonathan K},
   title = {Using environmental correlations to identify loci underlying local adaptation},
   journal = {Genetics},
  abb={Genetics},
   volume = {185},
   number = {4},
   pages = {1411-1423},
   ISSN = {1943-2631},
   year = {2010},
   type = {Journal Article}
}

@article{Cox87,
   author = {Cox, TS and Cox, DJ and Frey, KJ},
   title = {Mutations for polygenic traits in barley under nutrient stress},
   journal = {Euphytica},
   abb = {Euphytica},
   volume = {36},
   number = {3},
   pages = {823--829},
   ISSN = {0014-2336},
   year = {1987},
   type = {Journal Article}
}


@Book{Crow70,
  author  = {Crow, James F and Kimura, Motoo},
  title   = {{A}n {I}ntroduction to {P}opulation {G}enetics {T}heory},
  year    = {1970},
  publisher    = {Harper and Row, New York},
}

@Article{Crow55,
  author  = {Crow, James F and Morton, Newton E},
  title   = {Measurement of gene frequency drift in small populations},
  journal = {Evolution},
  abb = {Evolution},
  year    = {1955},
  volume  = {9},
  pages   = {202--214},
  issn    = {0014-3820},
  type    = {Journal Article},
}

@article{Crow93,
  title={How much do we know about spontaneous human mutation rates?},
  author={Crow, James F},
  journal={Environmental and molecular mutagenesis},
  abb={Environ. Mol. Mutagen.},
  volume={21},
  number={2},
  pages={122--129},
  year={1993},
  publisher={Wiley Online Library}
}


%====== D ======%
@article{Dane11,
  title={The variant call format and VCFtools},
  author={Danecek, Petr and Auton, Adam and Abecasis, Goncalo and Albers, Cornelis A and Banks, Eric and DePristo, Mark A and Handsaker, Robert E and Lunter, Gerton and Marth, Gabor T and Sherry, Stephen T and others},
  journal={Bioinformatics},
  abb={Bioinformatics},
  volume={27},
  number={15},
  pages={2156--2158},
  year={2011},
  publisher={Oxford University Press}
}

@Article{Davi99,
  author  = {Davies, Esther K and Peters, Andrew D and Keightley, Peter D},
  title   = {High frequency of cryptic deleterious mutations in \textit{Caenorhabditis elegans}},
  journal = {Science},
  abb = {Science},
  year    = {1999},
  volume  = {285},
  number  = {5434},
  pages   = {1748--1751},
  issn    = {0036-8075},
  type    = {Journal Article},
}

@article{Davi16,
   author = {Davies, Sarah K and Leroi, Armand and Burt, Austin and Bundy, Jacob G and Baer, Charles F},
   title = {The mutational structure of metabolism in \textit{Caenorhabditis elegans}},
   journal = {Evolution},
   abb = {Evolution},
   volume = {70},
   number = {10},
   pages = {2239--2246},
   ISSN = {0014-3820},
   year = {2016},
   type = {Journal Article}
}

@article{Degt02,
  title={\textit{Caenorhabditis elegans} DNA mismatch repair gene msh-2 is required for microsatellite stability and maintenance of genome integrity},
  author={Degtyareva, Natasha P and Greenwell, Patricia and Hofmann, E Randal and Hengartner, Michael O and Zhang, Lijia and Culotti, Joseph G and Petes, Thomas D},
  journal={Proceedings of the National Academy of Sciences},
  abb={Proc. Natl. Acad. Sci. },
  volume={99},
  number={4},
  pages={2158--2163},
  year={2002},
  publisher={National Acad Sciences}
}

@article{Denv05,
  title={The transcriptional consequences of mutation and natural selection in \textit{Caenorhabditis elegans}},
  author={Denver, Dee R and Morris, Krystalynne and Streelman, J Todd and Kim, Stuart K and Lynch, Michael and Thomas, W Kelley},
  journal={Nature Genetics},
  abb ={Nat. Genet.},
  volume={37},
  number={5},
  pages={544--548},
  year={2005},
  publisher={Nature Publishing Group}
}

@article{Denv09,
  title={A genome-wide view of \textit{Caenorhabditis elegans} base-substitution mutation processes},
  author={Denver, Dee R and Dolan, Peter C and Wilhelm, Larry J and Sung, Way and Lucas-Lled{\'o}, J Ignacio and Howe, Dana K and Lewis, Samantha C and Okamoto, Kazu and Thomas, W Kelley and Lynch, Michael and others},
  journal={Proceedings of the National Academy of Sciences},
  abb={Proc. Natl. Acad. Sci. },
  volume={106},
  number={38},
  pages={16310--16314},
  year={2009},
  publisher={National Acad Sciences}
}

@article{Denv10,
   author = {Denver, Dee R and Howe, Dana K and Wilhelm, Larry J and Palmer, Catherine A and Anderson, Jennifer L and Stein, Kevin C and Phillips, Patrick C and Estes, Suzanne},
   title = {Selective sweeps and parallel mutation in the adaptive recovery from deleterious mutation in \textit{Caenorhabditis elegans}},
  journal   = {Genome Research},
  abb   = {Genome Res.},
   volume = {20},
   number = {12},
   pages = {1663-1671},
   ISSN = {1088-9051},
   year = {2010},
   type = {Journal Article}
}

@article{Dick08,
  title={Synergistic fitness interactions and a high frequency of beneficial changes among mutations accumulated under relaxed selection in \textit{Saccharomyces cerevisiae}},
  author={Dickinson, W Joseph},
  journal={Genetics},
  abb={Genetics},
  volume={178},
  number={3},
  pages={1571--1578},
  year={2008},
  publisher={Genetics Soc America}
}

@Article{DiRi06,
  author    = {Di Rienzo, Anna},
  title     = {Population genetics models of common diseases},
  journal   = {Current opinion in genetics \& development},
  abb   = {Curr. Opin. Genet. Dev.},
  year      = {2006},
  volume    = {16},
  number    = {6},
  pages     = {630--636},
  publisher = {Elsevier},
}

@Book{Dobz70,
  author = {Dobzhansky, T},
  title  = {{G}enetics of the {E}volutionary {P}rocess},
  publisher ={Columbia University Press, New York},
  year   = {1970},
  type   = {Journal Article},
}

@article{Dora13,
  title={Snpdat{:} easy and rapid annotation of results from de novo snp discovery projects for model and non-model organisms},
  author={Doran, Anthony G and Creevey, Christopher J},
  journal={BMC Bioinformatics},
  abb={BMC Bioinform.},
  volume={14},
  number={1},
  pages={1--6},
  year={2013},
  publisher={BioMed Central}
}

@misc{Dowl20,
   author = {Dowle, M and Srinivasan, A},
   title = {Data{.}table{:} Extension of {'}data{.}frame{'.} R package version {1.13.0}},
   url = {https://CRAN.R-project.org/package=data.table/index.html},
   year = {2020},
   type = {Online Database}
}

@article{Down03,
  title={Effects of short-term spontaneous mutation accumulation for life history traits in grape phylloxera, \textit{Daktulosphaira vitifoliae}  },
  author={Downie, DA},
  journal={Genetica},
  abb={Genetica},
  volume={119},
  number={3},
  pages={237--251},
  year={2003},
  publisher={Springer}
}

@article{Drak98,
  title={Rates of spontaneous mutation},
  author={Drake, John W and Charlesworth, Brian and Charlesworth, Deborah and Crow, James F},
  journal={Genetics},
  abb={Genetics},
  volume={148},
  number={4},
  pages={1667--1686},
  year={1998},
  publisher={Genetics Soc America}
}

@Book{Drap81,
  author  = {Draper, N and Smith, H},
  title   = {{A}pplied {R}egression {A}nalysis},
  publisher = {Wiley, Chichester},
  year    = {1981},
}

@article{Duga19,
  title={Molecular evidence supports a genic capture resolution of the lek paradox},
  author={Dugand, Robert J and Tomkins, Joseph L and Kennington, W Jason},
  journal={Nature Communications},
  abb={Nat. Commun.},
  volume={10},
  number={1},
  pages={1359},
  year={2019},
  publisher={Nature Publishing Group}
}

@article{Duga21,
  title={The contribution of mutation and selection to multivariate quantitative genetic variance in an outbred population of Drosophila serrata},
  author={Dugand, Robert J and Aguirre, J David and Hine, Emma and Blows, Mark W and McGuigan, Katrina},
  journal={Proceedings of the National Academy of Sciences},
  abb = {Proc. Natl. Acad. Sci.},
  volume={118},
  number={31},
  year={2021},
  publisher={National Acad Sciences}
}

@article{Dwor06,
  title={Epidermal growth factor receptor and transforming growth factor-$\beta$ signaling contributes to variation for wing shape in \textit{Drosophila melanogaster}},
  author={Dworkin, Ian and Gibson, Greg},
  journal={Genetics},
  abb={Genetics},
  volume={173},
  number={3},
  pages={1417--1431},
  year={2006},
  publisher={Genetics Soc America}
}

%====== E ======%
@article{Este03,
   author = {Estes, Suzanne and Lynch, Michael},
   title = {Rapid fitness recovery in mutationally degraded lines of \textit{Caenorhabditis elegans}},
   journal = {Evolution},
  abb = {Evolution},
   volume = {57},
   number = {5},
   pages = {1022-1030},
   ISSN = {0014-3820},
   year = {2003},
   type = {Journal Article}
}

@Article{Este04,
  author        = {Estes, Suzanne and Phillips, Patrick C and Denver, Dee R and Thomas, W Kelley and Lynch, Michael},
  title         = {Mutation accumulation in populations of varying size{:} the distribution of mutational effects for fitness correlates in \textit{Caenorhabditis elegans}},
  journal       = {Genetics},
  abb       = {Genetics},
  year          = {2004},
  volume        = {166},
  number        = {3},
  pages         = {1269--1279},
  issn          = {0016-6731},
  __markedentry = {[s4235890:]},
  type          = {Journal Article},
}

@article{Este05,
  title={Spontaneous mutational correlations for life-history, morphological and behavioral characters in \textit{Caenorhabditis elegans}},
  author={Estes, Suzanne and Ajie, Beverly C and Lynch, Michael and Phillips, Patrick C},
  journal={Genetics},
  abb={Genetics},
  volume={170},
  number={2},
  pages={645--653},
  year={2005},
  publisher={Genetics Soc America}
}

@article{Este06,
  title={Variation in pleiotropy and the mutational underpinnings of the {G}-matrix},
  author={Estes, Suzanne and Phillips, Patrick C},
  journal={Evolution},
  abb={Evolution},
  volume={60},
  number={12},
  pages={2655--2660},
  year={2006},
  publisher={Wiley Online Library}
}

@article{Este11,
   author = {Estes, Suzanne and Phillips, Patrick C and Denver, Dee R},
   title = {Fitness recovery and compensatory evolution in natural mutant lines of \textit{C. elegans}},
   journal = {Evolution},
  abb = {Evolution},
   volume = {65},
   number = {8},
   pages = {2335-2344},
   ISSN = {0014-3820},
   year = {2011},
   type = {Journal Article}
}

@article{Etie15,
   author = {Etienne, Veronique and Andersen, Erik C and Ponciano, Jos{\'e} Miguel and Blanton, Dustin and Cadavid, Analucia and Joyner‐Matos, Joanna and Matsuba, Chikako and Tabman, Brandon and Baer, Charles F},
   title = {The red death meets the abdominal bristle: polygenic mutation for susceptibility to a bacterial pathogen in \textit{Caenorhabditis elegans}},
   journal = {Evolution},
   abb = {Evolution},
   volume = {69},
   number = {2},
   pages = {508--519},
   ISSN = {0014-3820},
   year = {2015},
   type = {Journal Article}
}

@Article{Eyre02,
  author        = {Eyre-Walker, Adam and Keightley, Peter D and Smith, Nick GC and Gaffney, Daniel},
  title         = {Quantifying the slightly deleterious mutation model of molecular evolution},
  journal       = {Molecular Biology and Evolution},
  abb       = {Mol. Biol. Evol.},
  year          = {2002},
  volume        = {19},
  number        = {12},
  pages         = {2142--2149},
  issn          = {0737-4038},
  __markedentry = {[s4235890:]},
  type          = {Journal Article},
}

@Article{Eyre06,
  author        = {Eyre-Walker, Adam and Woolfit, Megan and Phelps, Ted},
  title         = {The distribution of fitness effects of new deleterious amino acid mutations in humans},
  journal       = {Genetics},
  abb       = {Genetics},
  year          = {2006},
  volume        = {173},
  number        = {2},
  pages         = {891--900},
  issn          = {0016-6731},
  __markedentry = {[s4235890:]},
  type          = {Journal Article},
}

@Article{Eyre09,
  author        = {Eyre-Walker, Adam and Keightley, Peter D},
  title         = {Estimating the rate of adaptive molecular evolution in the presence of slightly deleterious mutations and population size change},
  journal       = {Molecular Biology and Evolution},
  abb       = {Mol. Biol. Evol.},
  year          = {2009},
  volume        = {26},
  number        = {9},
  pages         = {2097--2108},
  issn          = {1537-1719},
  __markedentry = {[s4235890:]},
  type          = {Journal Article},
}


@Article{Eyre07,
  author  = {Eyre-Walker, Adam and Keightley, Peter D},
  title   = {The distribution of fitness effects of new mutations},
  journal = {Nature Reviews Genetics},
  abb = {Nat. Rev. Genet.},
  year    = {2007},
  volume  = {8},
  number  = {8},
  pages   = {610--618},
  issn    = {1471-0056},
  type    = {Journal Article},
}

@Article{Eyre10,
  author  = {Eyre-Walker, Adam},
  title   = {Genetic architecture of a complex trait and its implications for fitness and genome-wide association studies},
  journal = {Proceedings of the National Academy of Sciences},
  abb = {Proc. Natl. Acad. Sci.},
  year    = {2010},
  volume  = {107},
  number  = {suppl 1},
  pages   = {1752--1756},
  issn    = {0027-8424},
  type    = {Journal Article},
}


%====== F ======%
@Book{Falc81,
  title     = {An introduction to population genetics},
  publisher = {Longman, London},
  year      = {1981},
  author    = {Falconer, DS},
}

@book{Falc96,
  title={Introduction to {Q}uantitative {G}enetics},
  author={Falconer, DS and Mackay, TFC},
  publisher={Longman, Burnt Mill, England},
  year={1996}
}

@article{Farh16,
   author = {Farhadifar, Reza and Ponciano, Jos{\'e} Miguel and Andersen, Erik C and Needleman, Daniel J and Baer, Charles F},
   title = {Mutation is a sufficient and robust predictor of genetic variation for mitotic spindle traits in \textit{Caenorhabditis elegans}},
   journal = {Genetics},
   abb = {Genetics},
  volume={203},
  number={4},
  pages={1859--1870},
  year={2016},
   type = {Journal Article}
}


@article{Fern96,
   author = {Fern{\'a}ndez, Jesus and L{\'o}pez-Fanjul, Carlos},
   title = {Spontaneous mutational variances and covariances for fitness-related traits in \textit{Drosophila melanogaster}},
   journal = {Genetics},
   abb = {Genetics},
   volume = {143},
   number = {2},
   pages = {829--837},
   ISSN = {0016-6731},
   year = {1996},
   type = {Journal Article}
}

@article{Fest73,
   author = {Festing, Michael},
   title = {A multivariate analysis of subline divergence in the shape of the mandible in C57BL/Gr mice},
   journal = {Genetics Research},
   abb = {Genet. Res.},
   volume = {21},
   number = {2},
   pages = {121--132},
   ISSN = {1469-5073},
   year = {1973},
   type = {Journal Article}
}

@Book{Fish30,
  title     = {{T}he {G}enetical {T}heory of {N}atural {S}election: {A} {C}omplete {V}ariorum {E}dition},
  publisher = {Oxford University Press, New York.},
  year      = {1930},
  author    = {Fisher, Ronald A.},
}

@Article{Fran96,
  author  = {Frankham, Richard},
  title   = {Relationship of genetic variation to population size in wildlife},
  journal = {Conservation Biology},
  abb = {Conserv. Biol.},
  year    = {1996},
  volume    = {10},
  pages   = {1500--1508},
  issn    = {0888-8892},
  type    = {Journal Article},
}

@book{Fran02,
   author = {Frankham, Richard and Ballou, Scientist Emeritus Jonathan D and Briscoe, David A and Ballou, Jonathan D},
   title = {Introduction to conservation genetics},
   publisher = {Cambridge University Press, Cambridge, U.K.},
   ISBN = {0521639859},
   year = {2002},
   type = {Book}
}

@incollection{Fran80,
  title={Evolutionary change in small populations},
  author={Franklin, Ian Robert},
  year={1980},
  publisher={Sunderland, Massachusetts.},
  editor      = {M. E. Soule{\'e} and B. A. Wilcox},
  booktitle   = {Conservation {B}iology: {A}n {E}volutionary-{E}cological {P}erspective},
  pages       = {135-149},
}

@article{Fry96,
  title={The contribution of new mutations to genotype-environment interaction for fitness in Drosophila melanogaster},
  author={Fry, James D and Heinsohn, Stefanie L and Mackay, Trudy FC},
  journal={Evolution},
  abb={Evolution},
  volume={50},
  number={6},
  pages={2316--2327},
  year={1996},
  publisher={Wiley Online Library}
}

@article{Fry99,
   author = {Fry, James D and Keightley, Peter D and Heinsohn, Stefanie L and Nuzhdin, Sergey V},
   title = {New estimates of the rates and effects of mildly deleterious mutation in \textit{Drosophila melanogaster}},
   journal = {Proceedings of the National Academy of Sciences},
   abb={Proc. Natl. Acad. Sci. },
   volume = {96},
   number = {2},
   pages = {574--579},
   ISSN = {0027-8424},
   year = {1999},
   type = {Journal Article}
}

@article{Fry01,
   author = {Fry, James D},
   title = {Rapid mutational declines of viability in Drosophila},
   journal = {Genetics Research},
   abb = {Genet. Res.},
   volume = {77},
   number = {1},
   pages = {53--60},
   ISSN = {1469-5073},
   year = {2001},
   type = {Journal Article}
}

@article{Fry02,
   author = {Fry, James D and Heinsohn, Stefanie L},
   title = {Environment dependence of mutational parameters for viability in \textit{Drosophila melanogaster}},
   journal = {Genetics},
   abb = {Genetics},
   volume = {161},
   number = {3},
   pages = {1155--1167},
   ISSN = {0016-6731},
   year = {2002},
   type = {Journal Article}
}

@article{Func00,
  title={The consequences of growth of a mutator strain of \textit{Escherichia coli} as measured by loss of function among multiple gene targets and loss of fitness},
  author={Funchain, Pauline and Yeung, Annie and Stewart, Jean Lee and Lin, Rose and Slupska, Malgorzata M and Miller, Jeffrey H},
  journal={Genetics},
  abb={Genetics},
  volume={154},
  number={3},
  pages={959--970},
  year={2000},
  publisher={Genetics Soc America}
}

@article{Futs10,
  title={The next generation of molecular markers from massively parallel sequencing of pooled DNA samples},
  author={Futschik, Andreas and Schl{\"o}tterer, Christian},
  journal={Genetics},
  abb={Genetics},
  volume={186},
  number={1},
  pages={207--218},
  year={2010},
  publisher={Genetics Soc America}
}

%====== G ======%
@incollection{Garc98,
  title = {The mutation rate and the distribution of mutational effects of viability and fitness in \textit{Drosophila melanogaster}},
  author={Garc{\'\i}a-Dorado, Aurora and Monedero, Juan L and L{\'o}pez-Fanjul, Carlos},
  booktitle={Mutation and Evolution},
  pages={255--265},
  year={1998},
  publisher={Springer}
}

@article{Garc99,
  title={Properties of spontaneous mutations affecting quantitative traits},
  author={Garc{\'\i}a-Dorado, Aurora and L{\'o}pez-Fanjul, C and Caballero, A},
  journal={Genetics Research},
  abb = {Genet. Res.},
  volume={74},
  number={3},
  pages={341--350},
  year={1999},
  publisher={Cambridge University Press}
}

@article{Garc00,
   author = {Garc{\'\i}a-Dorado, Aurora and Fern{\'a}ndez, Jesus and L{\'o}pez-Fanjul, Carlos},
   title = {Temporal uniformity of the spontaneous mutational variance of quantitative traits in \textit{Drosophila melanogaster}},
   journal = {Genetics Research},
   abb = {Genet. Res.},
   volume = {75},
   number = {1},
   pages = {47--51},
   ISSN = {1469-5073},
   year = {2000},
   type = {Journal Article}
}

@article{Garc12,
  title={Comparing evolvabilities{:} {C}ommon errors surrounding the calculation and use of coefficients of additive genetic variation},
  author={Garcia-Gonzalez, Francisco and Simmons, Leigh W and Tomkins, Joseph L and Kotiaho, Janne S and Evans, Jonathan P},
  journal={Evolution},
  abb={Evolution},
  volume={66},
  number={8},
  pages={2341--2349},
  year={2012},
  publisher={Wiley Online Library}
}

@article{Garc12Qualimap,
  title={Qualimap: evaluating next-generation sequencing alignment data},
  author={Garc{\'\i}a-Alcalde, Fernando and Okonechnikov, Konstantin and Carbonell, Jos{\'e} and Cruz, Luis M and G{\"o}tz, Stefan and Tarazona, Sonia and Dopazo, Joaqu{\'\i}n and Meyer, Thomas F and Conesa, Ana},
  journal={Bioinformatics},
  abb ={Bioinformatics},
  volume={28},
  number={20},
  pages={2678--2679},
  year={2012},
  publisher={Oxford University Press}
}

@article{Garr12,
   author = {Garrison, Erik and Marth, Gabor},
   title = {Haplotype-based variant detection from short-read sequencing},
   journal = {arXiv 1207.3907},
   year = {2012},
   type = {Journal Article}
}

@misc{Garr16,
   author = {Garrison, E},
  title={Vcflib, a simple {C++} library for parsing and manipulating {VCF} files},
  author={Garrison, Erik},
  journal={bioRxiv},
  abb={bioRxiv},
  year={2016}
}

@Article{Galt16,
  author        = {Galtier, Nicolas},
  title         = {Adaptive protein evolution in animals and the effective population size hypothesis},
  journal       = {PLoS Genetics},
  abb       = {PLoS Genet.},
  year          = {2016},
  volume        = {12},
  number        = {1},
  pages         = {e1005774},
  issn          = {1553-7404},
  __markedentry = {[s4235890:]},
  type          = {Journal Article},
}

@article{Gaut13,
   author={Gautier, Mathieu and Foucaud, Julien and Gharbi, Karim and C{\'e}zard, Timoth{\'e}e and Galan, Maxime and Loiseau, Anne and Thomson, Marian and Pudlo, Pierre and Kerdelhu{\'e}, Carole and Estoup, Arnaud},
   title = {Estimation of population allele frequencies from next‐generation sequencing data{:} pool‐versus individual‐based genotyping},
   journal = {Molecular Ecology},
  abb = {Mol. Ecol.},
   volume = {22},
   number = {14},
   pages = {3766-3779},
   ISSN = {0962-1083},
   year = {2013},
   type = {Journal Article}
}

@article{Gaut15,
   author = {Gautier, Mathieu},
   title = {Genome-wide scan for adaptive divergence and association with population-specific covariates},
   journal = {Genetics},
  abb={Genetics},
   volume = {201},
   number = {4},
   pages = {1555-1579},
   ISSN = {1943-2631},
   year = {2015},
   type = {Journal Article}
}

@article{Gill84,
   author = {Gillespie, John H},
   title = {Molecular evolution over the mutational landscape},
   journal = {Evolution},
   abb = {Evolution},
   pages = {1116-1129},
   ISSN = {0014-3820},
   year = {1984},
   type = {Journal Article}
}

@article{Gomu09,
   author = {Gomulkiewicz, R. and Houle, D.},
   title = {Demographic and genetic constraints on evolution},
  journal={The American Naturalist},
  abb={Am. Nat.}, 
   volume = {174},
   number = {6},
   pages = {E218--E229},
   ISSN = {1537-5323},
   DOI = {10.1086/645086},
   url = {http://www.ncbi.nlm.nih.gov/pubmed/19821744},
   year = {2009},
   type = {Journal Article}
}

@article{Gong05,
  title={Deleterious genomic mutation rate for viability in \textit{Drosophila melanogaster} using concomitant sibling controls},
  author={Gong, Yi and Woodruff, RC and Thompson Jr, JN},
  journal={Biology Letters},
  abb ={Biol. Lett.},
  volume={1},
  number={4},
  pages={492--495},
  year={2005},
  publisher={The Royal Society London}
}

@article{Good71,
  title={Heterozygosity in inbred lines of \textit{Tribolinm castaneum}},
  author={Goodwill, Robert and Enfield, FD},
  journal={Theoretical and Applied Genetics},
  abb={Theor. Appl. Genet.},
  volume={41},
  number={1},
  pages={5--12},
  year={1971},
  publisher={Springer}
}

@article{Gros10,
   author = {Grossman, Sharon R and Shylakhter, Ilya and Karlsson, Elinor K and Byrne, Elizabeth H and Morales, Shannon and Frieden, Gabriel and Hostetter, Elizabeth and Angelino, Elaine and Garber, Manuel and Zuk, Or},
   title = {A composite of multiple signals distinguishes causal variants in regions of positive selection},
   journal = {Science},
   abb = {Science},
   volume = {327},
   number = {5967},
   pages = {883-886},
   ISSN = {0036-8075},
   year = {2010},
   type = {Journal Article}
}

@article{Gunt13,
  title={Robust identification of local adaptation from allele frequencies},
  author={G{\"u}nther, Torsten and Coop, Graham},
  journal={Genetics},
  abb={Genetics},
  volume={195},
  number={1},
  pages={205--220},
  year={2013},
  publisher={Oxford University Press}
}


@article{Gure18,
  title={Meta-analysis and the science of research synthesis},
  author={Gurevitch, Jessica and Koricheva, Julia and Nakagawa, Shinichi and Stewart, Gavin},
  journal={Nature},
  abb={Nature},
  volume={555},
  number={7695},
  pages={175},
  year={2018},
  publisher={Nature Publishing Group}
}

%====== H ======%
@article{Haag07,
  title={Direct estimation of per nucleotide and genomic deleterious mutation rates in \textit{Drosophila}},
  author={Haag-Liautard, Cathy and Dorris, Mark and Maside, Xulio and Macaskill, Steven and Halligan, Daniel L and Charlesworth, Brian and Keightley, Peter D},
  journal={Nature},
  abb={Nature},
  volume={445},
  number={7123},
  pages={82--85},
  year={2007},
  publisher={Nature Publishing Group}
}

@article{Hadf10,
  title={General quantitative genetic methods for comparative biology: phylogenies, taxonomies and multi-trait models for continuous and categorical characters},
  author={Hadfield, JD and Nakagawa, S},
  journal={Journal of Evolutionary Biology},
  abb={J. Evol. Biol.},
  volume={23},
  number={3},
  pages={494--508},
  year={2010},
  publisher={Wiley Online Library}
}

@book{Hahn18,
   author = {Hahn, Matthew William},
   title = {Molecular population genetics},
   publisher = {Oxford University Press},
   ISBN = {0878939652},
   year = {2018},
   type = {Book}
}

@article{Hald54,
  title={The measurement of natural selection},
  author={Haldane, JB},
  journal={Caryologia},
  abb ={Caryologia},
  year={1954},
  volume={6},
  pages={480--487}
}

@Article{Hall06,
  author    = {Halligan, Daniel L and Keightley, Peter D},
  title     = {Ubiquitous selective constraints in the \textit{Drosophila} genome revealed by a genome-wide interspecies comparison},
  journal   = {Genome Research},
  abb   = {Genome Res.},
  year      = {2006},
  volume    = {16},
  number    = {7},
  pages     = {875--884},
  publisher = {Cold Spring Harbor Lab},
}

@Article{Hall09,
  author  = {Halligan, D. L. and Keightley, P. D.},
  title   = {Spontaneous mutation accumulation studies in evolutionary genetics},
  journal = {Annual Review of Ecology Evolution and Systematics},
  abb = {Annu. Rev. Ecol. Evol. Syst.},
  year    = {2009},
  volume  = {40},
  pages   = {151--172},
  issn    = {1543-592X},
  doi     = {DOI 10.1146/annurev.ecolsys.39.110707.173437},
  type    = {Journal Article},
  url     = {<Go to ISI>://WOS:000272455700008},
}

@article{Hall08,
  title={Spontaneous mutations in diploid \textit{Saccharomyces cerevisiae}: another thousand cell generations},
  author={Hall, David W and Mahmoudizad, Rod and Hurd, Andrew W and Joseph, Sarah B},
  journal={Genetics Research},
  abb={Genet. Res.},
  volume={90},
  number={3},
  pages={229--241},
  year={2008},
  publisher={Cambridge University Press}
}

@Article{Hall13,
  author  = {Halligan, Daniel L and Kousathanas, Athanasios and Ness, Rob W and Harr, Bettina and Eöry, Lél and Keane, Thomas M and Adams, David J and Keightley, Peter D},
  title   = {Contributions of protein-coding and regulatory change to adaptive molecular evolution in murid rodents},
  journal = {PLoS Genetics},
  abb = {PLoS Genet.},
  year    = {2013},
  volume  = {9},
  number  = {12},
  pages   = {e1003995},
  issn    = {1553-7404},
  type    = {Journal Article},
}

@article{Hall13amoeba,
   author = {Hall, David W and Fox, Sara and Kuzdzal-Fick, Jennie J and Strassmann, Joan E and Queller, David C},
   title = {The rate and effects of spontaneous mutation on fitness traits in the social amoeba, \textit{Dictyostelium discoideum}},
   journal = {G3: Genes, Genomes, Genetics},
  abb={G3: Genes, Genomes, Genetics},
   volume = {3},
   number = {7},
   pages = {1115-1127},
   ISSN = {2160-1836},
   year = {2013},
   type = {Journal Article}
}

@Article{Hans08,
  author  = {Hansen, T. F. and Houle, D.},
  title   = {Measuring and comparing evolvability and constraint in multivariate characters},
  journal = {Journal of Evolutionary Biology},
  abb ={J. Evol. Biol.},
  year    = {2008},
  volume  = {21},
  number  = {5},
  pages   = {1201--1219},
  issn    = {1010-061X},
  doi     = {10.1111/j.1420-9101.2008.01573.x},
  type    = {Journal Article},
}

@article{Hans11,
  title={Heritability is not evolvability},
  author={Hansen, Thomas F and P{\'e}labon, Christophe and Houle, David},
  journal={Evolutionary Biology},
  abb ={Evol. Biol.},
  volume={38},
  number={3},
  pages={258--277},
  year={2011},
  publisher={Springer}
}


@article{Hara95,
   author = {Harada, Ko},
   title = {A quantitative analysis of modifier mutations which occur in mutation accumulation lines in \textit{Drosophila melanogaster}},
  journal={Heredity},
  abb ={Heredity},
   volume = {75},
   number = {6},
   pages = {589--598},
   ISSN = {1365-2540},
   year = {1995},
   type = {Journal Article}
}

@book{Hart97,
   author = {Hartl, Daniel L and Clark, Andrew G and Clark, Andrew G},
   title = {Principles of population genetics},
   publisher = {Sinauer associates Sunderland, MA},
   volume = {116},
   year = {1997},
   type = {Book}
}

@article{Hedr12,
  title={What is the evidence for heterozygote advantage selection?},
  author={Hedrick, Philip W},
  journal={Trends in Ecology \& Evolution},
  abb ={Trends Ecol. Evol.},
  volume={27},
  number={12},
  pages={698--704},
  year={2012},
  publisher={Elsevier}
}

@article{Heil14,
  title={Fitness is strongly influenced by rare mutations of large effect in a microbial mutation accumulation experiment},
  author={Heilbron, Karl and Toll-Riera, Macarena and Kojadinovic, Mila and MacLean, R Craig},
  journal={Genetics},
  abb ={Genetics},
  volume={197},
  number={3},
  pages={981--990},
  year={2014},
  publisher={Genetics Soc America}
}

@article{Hill78,
  title={Probabilities of non{-}positive definite between{-}group or genetic covariance matrices},
  author={Hill, WG and Thompson, R},
  journal={Biometrics},
  abb={Biometrics},
  pages={429--439},
  year={1978},
  publisher={JSTOR}
}

@article{Hine09,
  title={Characterizing the evolution of genetic variance using genetic covariance tensors},
  author={Hine, Emma and Chenoweth, Stephen F and Rundle, Howard D and Blows, Mark W},
  journal={Philosophical Transactions of the Royal Society B: Biological Sciences},
  abb={Philos. Trans. R. Soc. Lond. B Biol.Sci.},
  volume={364},
  number={1523},
  pages={1567--1578},
  year={2009},
  publisher={The Royal Society London}
}

@article{Hine14,
   author = {Hine, E. and McGuigan, K. and Blows, M. W.},
   title = {Evolutionary constraints in high{-}dimensional trait sets},
   journal = {The American Naturalist},
   abb = {Am. Nat.},
   volume = {184},
   number = {1},
   pages = {119--131},
   ISSN = {1537-5323},
   DOI = {10.1086/676504},
   url = {http://www.ncbi.nlm.nih.gov/pubmed/24921605},
   year = {2014},
   type = {Journal Article}
}

@article{Hine18,
  title={Uneven distribution of mutational variance across the transcriptome of Drosophila serrata revealed by high-dimensional analysis of gene expression},
  author={Hine, Emma and Runcie, Daniel E and McGuigan, Katrina and Blows, Mark W},
  journal={Genetics},
  abb={Genetics},
  volume={209},
  number={4},
  pages={1319--1328},
  year={2018},
  publisher={Oxford University Press}
}

@article{Hive18,
  title={Measuring genetic differentiation from pool{-}seq data},
  author={Hivert, Valentin and Leblois, Rapha{\"e}l and Petit, Eric J and Gautier, Mathieu and Vitalis, Renaud},
  journal={Genetics},
  abb={Genetics},
  volume={210},
  number={1},
  pages={315--330},
  year={2018},
  publisher={Oxford University Press}
}

@article{Ho20,
  title={High and highly variable spontaneous mutation rates in Daphnia},
  author={Ho, Eddie KH and Macrae, Fenner and Latta 4th, Leigh C and McIlroy, Peter and Ebert, Dieter and Fields, Peter D and Benner, Maia J and Schaack, Sarah},
  journal={Molecular Biology and Evolution},
  abb = {Mol. Biol. Evol.},
  volume={37},
  number={11},
  pages={3258--3266},
  year={2020},
  publisher={Oxford University Press}
}

@article{Hoff02,
   author = {Hoffmann, A. A. and Shirriffs, J.},
   title = {Geographic variation for wing shape in \textit{Drosophila serrata}},
   abb = {Evolution},
   journal = {Evolution},
   volume = {56},
   number = {5},
   pages = {1068--1073},
   ISSN = {0014-3820},
   url = {<Go to ISI>://WOS:000176078600019},
   year = {2002},
   type = {Journal Article}
}

@article{Hoff16,
  title={Heritability and evolvability of fitness and nonfitness traits{:} lessons from livestock},
  author={Hoffmann, Ary A and Meril{\"a}, Juha and Kristensen, Torsten N},
  abv={Evolution},
  journal={Evolution},
  volume={70},
  number={8},
  pages={1770--1779},
  year={2016},
  publisher={Wiley Online Library}
}

@article{Houl10,
   author = {Houle, D. and Govindaraju, D. R. and Omholt, S.},
   title = {Phenomics{:} the next challenge},
   journal = {Nature Reviews Genetics},
  abb ={Nat. Rev. Genet.},
   volume = {11},
   number = {12},
   pages = {855--866},
   ISSN = {1471-0056},
   DOI = {Doi 10.1038/Nrg2897},
   url = {<Go to ISI>://WOS:000284359000011},
   year = {2010},
   type = {Journal Article}
}


@Article{Houl17,
  author  = {Houle, David and Bolstad, Geir H and van der Linde, Kim and Hansen, Thomas F},
  title   = {Mutation predicts 40 million years of fly wing evolution},
  journal = {Nature},
  abb = {Nature},
  year    = {2017},
  volume  = {548},
  number  = {7668},
  pages   = {447--450},
  issn    = {0028-0836},
  type    = {Journal Article},
}

@Article{Houl15,
  author  = {Houle, David and Meyer, Karin},
  title   = {Estimating sampling error of evolutionary statistics based on genetic covariance matrices using maximum likelihood},
  journal = {Journal of Evolutionary Biology},
  abb ={J. Evol. Biol.},
  year    = {2015},
  volume  = {28},
  number  = {8},
  pages   = {1542--1549},
  issn    = {1420-9101},
  type    = {Journal Article},
}

@article{Houl91,
  title={Genetic covariance of fitness correlates: what genetic correlations are made of and why it matters},
  author={Houle, David},
  journal={Evolution},
  abb={Evolution},
  volume={45},
  number={3},
  pages={630--648},
  year={1991},
  publisher={Wiley Online Library}
}

@Article{Houl03,
  author  = {Houle, David and Mezey, Jason and Galpern, Paul and Carter, Ashley},
  title   = {Automated measurement of \textit{Drosophila} wings},
  journal = {BMC Evolutionary Biology},
  abb = {BMC Evol. Biol.},
  year    = {2003},
  volume  = {3},
  number  = {1},
  pages   = {25},
  issn    = {1471-2148},
  type    = {Journal Article},
}

@article{Houl92a,
  title={Comparing evolvability and variability of quantitative traits},
  author={Houle, David},
  journal={Genetics},
  abb={Genetics},
  volume={130},
  number={1},
  pages={195--204},
  year={1992},
  publisher={Genetics Soc America}
}


@article{Houl92b,
   author = {Houle, D and Hoffmaster, DK and Assimacopoulos, S and Charlesworth, B},
   title = {The genomic mutation rate for fitness in \textit{Drosophila}},
   journal = {Nature},
   abb = {Nature},
   volume = {359},
   number = {6390},
   pages = {58--60},
   ISSN = {1476-4687},
   year = {1992},
   type = {Journal Article}
}


@article{Houl94,
  title={The effects of spontaneous mutation on quantitative traits. {I}. {V}ariances and covariances of life history traits},
  author={Houle, David and Hughes, Kimberly A and Hoffmaster, Debra K and Ihara, Jeff and Assimacopoulos, Stravroula and Charlesworth, B and others},
  journal={Genetics},
  abb ={Genetics},
  volume={138},
  number={3},
  pages={773--785},
  year={1994},
  publisher={Genetics Soc America}
}

@article{Houl96,
  author  = {Houle, David and Morikawa, Bob and Lynch, Michael},
  title   = {Comparing mutational variabilities},
  journal = {Genetics},
  abb = {Genetics},
  year    = {1996},
  volume  = {143},
  number  = {3},
  pages   = {1467-1483},
  issn    = {0016-6731},
  type    = {Journal Article},
}

@article{Houl97,
  title={The effects of spontaneous mutation on quantitative traits. {II}. Dominance of mutations with effects on life-history traits},
  author={Houle, David and Hughes, Kimberly A and Assimacopoulos, Stavroula and Charlesworth, Brian},
  journal={Genetics Research},
  abb ={Genet. Res.},
  volume={70},
  number={1},
  pages={27--34},
  year={1997},
  publisher={Cambridge University Press}
}

@article{Houl98,
  title={How should we explain variation in the genetic variance of traits?},
  author={Houle, David},
  journal={Genetica},
  abb={Genetica},
  volume={102},
  pages={241--253},
  year={1998},
  publisher={Springer}
}

@article{Houl04,
  title={Mutation accumulation and the effect of copia insertions in \textit{Drosophila melanogaster}},
  author={Houle, David and Nuzhdin, Sergey V},
  journal={Genetics Research},
  abb ={Genet. Res.},
  volume={83},
  number={1},
  pages={7--18},
  year={2004},
  publisher={Cambridge University Press}
}

@article{Houl13,
  title={Properties of spontaneous mutational variance and covariance for wing size and shape in Drosophila melanogaster},
  author={Houle, David and Fierst, Janna},
  journal={Evolution},
  abb ={Evolution},
  volume={67},
  number={4},
  pages={1116--1130},
  year={2013},
  publisher={Wiley Online Library}
}

@article{Huan16,
   author = {Huang, Wen and Lyman, Richard F and Lyman, Rachel A and Carbone, Mary Anna and Harbison, Susan T and Magwire, Michael M and Mackay, Trudy FC},
   title = {Spontaneous mutations and the origin and maintenance of quantitative genetic variation},
   journal = {Elife},
   abb = {Elife},
   volume = {5},
   pages = {e14625},
   ISSN = {2050-084X},
   year = {2016},
   type = {Journal Article}
}

%====== I ======%

@article{Imho01,
   author = {Imhof, Marianne and Schl{\"o}tterer, Christian},
   title = {Fitness effects of advantageous mutations in evolving \textit{Escherichia coli} populations},
   journal = {Proceedings of the National Academy of Sciences},
   abb = {Proc. Natl. Acad. Sci. U.S.A.},
   volume = {98},
   number = {3},
   pages = {1113-1117},
   ISSN = {0027-8424},
   year = {2001},
   type = {Journal Article}
}

%====== J ======%
@Article{John05,
  author  = {Johnson, T. and Barton, N.},
  title   = {Theoretical models of selection and mutation on quantitative traits},
  journal = {Philosophical Transactions of the Royal Society B-Biological Sciences},
  abb = {Philos. Trans. R. Soc. Lond. B. Biol. Sci.},
  year    = {2005},
  volume  = {360},
  number  = {1459},
  pages   = {1411--1425},
  issn    = {0962-8436},
  doi     = {DOI 10.1098/rstb.2005.1667},
  type    = {Journal Article},
  url     = {<Go to ISI>://WOS:000231317800006},
}

@article{John20,
  title={Short-term heritable variation overwhelms 200 generations of mutational variance for metabolic traits in \textit{Caenorhabditis elegans}},
  author={Johnson, Lindsay M and Smith, Olivia J and Hahn, Daniel A and Baer, Charles F},
  journal={Evolution},
  abb={Evolution},
  volume={74},
  number={11},
  pages={2451--2464},
  year={2020},
  publisher={Blackwell Publishing Inc Malden, USA}
}

@article{John07,
  title={High dimensional statistical inference and random matrices},
  author={Johnstone, Iain M},
  journal={Proceedings of the International Congress of Mathematics},
  abb={Proceedings of the International Congress of Mathematics},
  year={2007},
  volume = {0},
  pages = {307--333}
}

@Article{Jose04,
  author        = {Joseph, Sarah B and Hall, David W},
  title         = {Spontaneous mutations in diploid \textit{Saccharomyces cerevisiae} more beneficial than expected},
  journal       = {Genetics},
  abb       = {Genetics},
  year          = {2004},
  volume        = {168},
  number        = {4},
  pages         = {1817--1825},
  issn          = {0016-6731},
  type          = {Journal Article},
}

@article{Jone03,
  title={Stability of the {G-}matrix in a population experiencing pleiotropic mutation, stabilizing selection, and genetic drift},
  author={Jones, Adam G and Arnold, Stevan J and B{\"u}rger, Reinhard},
  journal={Evolution},
  abb={Evolution},
  volume={57},
  number={8},
  pages={1747--1760},
  year={2003},
  publisher={Wiley Online Library}
}

@article{Jone07,
  title={The mutation matrix and the evolution of evolvability},
  author={Jones, Adam G and Arnold, Stevan J and B{\"u}rger, Reinhard},
  journal={Evolution},
  abb={Evolution},
  volume={61},
  number={4},
  pages={727--745},
  year={2007},
  publisher={Blackwell Publishing Inc Malden, USA}
}

@article{Joyn09,
   author = {Joyner-Matos, Joanna and Upadhyay, Ambuj and Salomon, Matthew P and Grigaltchik, Veronica and Baer, Charles F},
   title = {Genetic (Co)variation for life span in rhabditid nematodes: {R}ole of mutation, selection, and history},
   journal = {Journals of Gerontology Series A: Biomedical Sciences and Medical Sciences},
   abb ={J. Gerontol. A Biol. Sci. Med. Sci.},
   volume = {64},
   number = {11},
   pages = {1134--1145},
   ISSN = {1758-535X},
   year = {2009},
   type = {Journal Article}
}

@article{Joyn11,
   author = {Joyner-Matos, Joanna and Bean, Laura C and Richardson, Heidi L and Sammeli, Tammy and Baer, Charles F},
   title = {No evidence of elevated germline mutation accumulation under oxidative stress in \textit{Caenorhabditis elegans}},
   journal = {Genetics},
   abb ={Genetics},
   volume = {189},
   number = {4},
   pages = {1439--1447},
   ISSN = {0016-6731},
   year = {2011},
   type = {Journal Article}
}

%====== K ======%
@article{Kass06,
   author = {Kassen, Rees and Bataillon, Thomas},
   title = {Distribution of fitness effects among beneficial mutations before selection in experimental populations of bacteria},
   journal = {Nature Genetics},
   abb = {Nat. Genet.},
   volume = {38},
   number = {4},
   pages = {484-488},
   ISSN = {1061-4036},
   year = {2006},
   type = {Journal Article}
}

@article{Katj15,
  author  = {Katju, V. and Packard, L. B. and Bu, L. and Keightley, P. D. and Bergthorsson, U.},
  title   = {Fitness decline in spontaneous mutation accumulation lines of \textit{Caenorhabditis elegans} with varying effective population sizes},
  journal = {Evolution},
  abb = {Evolution},
  year    = {2015},
  volume  = {69},
  number  = {1},
  pages   = {104--116},
  issn    = {1558-5646 (Electronic)
0014-3820 (Linking)},
  doi     = {10.1111/evo.12554},
  type    = {Journal Article},
  url     = {http://www.ncbi.nlm.nih.gov/pubmed/25338758},
}

@article{Katj19,
  title={Old trade, new tricks{:} insights into the spontaneous mutation process from the partnering of classical mutation accumulation experiments with high-throughput genomic approaches},
  author={Katju, Vaishali and Bergthorsson, Ulfar},
  journal={Genome Biology and Evolution},
  abb = {Genome Biol. Evol.},
  volume={11},
  number={1},
  pages={136--165},
  year={2019},
  publisher={Oxford University Press}
}

@article{Kava05,
  title={The contribution of spontaneous mutation to variation in environmental responses of \textit{Arabidopsis thaliana}: {R}esponses to light},
  author={Kavanaugh, Christina M and Shaw, Ruth G},
  journal={Evolution},
  abb ={Evolution},
  volume={59},
  number={2},
  pages={266--275},
  year={2005},
  publisher={Wiley Online Library}
}

@article{Keig88,
  title={Quantitative genetic variability maintained by mutation-stabilizing selection balance in finite populations},
  author={Keightley, Peter D and Hill, William G},
  journal={Genetics Research},
  abb ={Genet. Res.},
  volume={52},
  number={1},
  pages={33--43},
  year={1988},
  publisher={Cambridge University Press}
}

@article{Keig90,
  title={Variation maintained in quantitative traits with mutation--selection balance: pleiotropic side-effects on fitness traits},
  author={Keightley, Peter D and Hill, William George},
  journal={Proceedings of the Royal Society of London. Series B: Biological Sciences},
  abb ={Proc. R. Soc. Lond. B Biol. Sci.},
  volume={242},
  number={1304},
  pages={95--100},
  year={1990},
  publisher={The Royal Society London}
}

@article{Keig93,
  title={Accounting for bias in estimates of the rate of polygenic mutation},
  author={Keightley, Peter D and Mackay, Trudy Frances Charlene and Caballero, Armando},
  journal={Proceedings of the Royal Society of London. Series B: Biological Sciences},
  abb={Proc. R. Soc. Lond. B Biol. Sci.},
  volume={253},
  number={1338},
  pages={291--296},
  year={1993},
  publisher={The Royal Society London}
}

@article{Keig97,
   author = {Keightley, Peter D and Caballero, Armando},
   title = {Genomic mutation rates for lifetime reproductive output and lifespan in \textit{Caenorhabditis elegans}},
   journal = {Proceedings of the National Academy of Sciences},
   abb={Proc. Natl. Acad. Sci.},
   volume = {94},
   number = {8},
   pages = {3823--3827},
   ISSN = {0027-8424},
   year = {1997},
   type = {Journal Article}
}

@Article{Keig98,
  author  = {Keightley, Peter D and Ohnishi, Ohmi},
  title   = {{EMS}-induced polygenic mutation rates for nine quantitative characters in \textit{Drosophila melanogaster}},
  journal = {Genetics},
  abb = {Genetics},
  year    = {1998},
  volume  = {148},
  number  = {2},
  pages   = {753--766},
  issn    = {0016-6731},
  type    = {Journal Article},
}

@Article{Keig99,
  author  = {Keightley, Peter D and Eyre-Walker, Adam},
  title   = {{T}erumi {M}ukai and the riddle of deleterious mutation rates},
  journal = {Genetics},
  abb = {Genetics},
  year    = {1999},
  volume  = {153},
  number  = {2},
  pages   = {515--523},
  issn    = {0016-6731},
  type    = {Journal Article},
}

@article{Keig00,
   author = {Keightley, Peter D and Davies, Esther K and Peters, Andrew D and Shaw, Ruth G},
   title = {Properties of ethylmethane sulfonate{-}induced mutations affecting life{-}history traits in \textit{Caenorhabditis elegans} and inferences about bivariate distributions of mutation effects},
   journal = {Genetics},
   abb = {Genetics},
   volume = {156},
   number = {1},
   pages = {143--154},
   ISSN = {0016-6731},
   year = {2000},
   type = {Journal Article}
}


@article{Keig03,
  title={Toward a realistic model of mutations affecting fitness},
  author={Keightley, Peter D and Lynch, Michael},
  journal={Evolution},
  abb={Evolution},
  volume={57},
  number={3},
  pages={683--685},
  year={2003},
  publisher={Wiley Online Library}
}

@Article{Keig07,
  author  = {Keightley, Peter D and Eyre-Walker, Adam},
  title   = {Joint inference of the distribution of fitness effects of deleterious mutations and population demography based on nucleotide polymorphism frequencies},
  journal = {Genetics},
  abb = {Genetics},
  year    = {2007},
  volume  = {177},
  number  = {4},
  pages   = {2251--2261},
  issn    = {0016-6731},
  type    = {Journal Article},
}

@Article{Keig09,
  author        = {Keightley, Peter D and Halligan, Daniel L},
  title         = {Analysis and implications of mutational variation},
  journal       = {Genetica},
  abb       = {Genetica},
  year          = {2009},
  volume        = {136},
  number        = {2},
  pages         = {359},
  issn          = {0016-6707},
  __markedentry = {[s4235890:]},
  type          = {Journal Article},
}

@article{Keig09a,
  title={Analysis of the genome sequences of three \textit{Drosophila melanogaster} spontaneous mutation accumulation lines},
  author={Keightley, Peter D and Trivedi, Urmi and Thomson, Marian and Oliver, Fiona and Kumar, Sujai and Blaxter, Mark L},
  journal={Genome research},
  abb={Genome Res.},
  volume={19},
  number={7},
  pages={1195--1201},
  year={2009},
  publisher={Cold Spring Harbor Lab}
}

@Article{Keig10,
  author        = {Keightley, Peter D and Eyre-Walker, Adam},
  title         = {What can we learn about the distribution of fitness effects of new mutations from {DNA} sequence data?},
  journal       = {Philosophical Transactions of the Royal Society of London B: Biological Sciences},
  abb = {Philos. Trans. R. Soc. Lond. B. Biol. Sci.},
  year          = {2010},
  volume        = {365},
  number        = {1544},
  pages         = {1187--1193},
  issn          = {0962-8436},
  __markedentry = {[s4235890:]},
  type          = {Journal Article},
}

@article{Keig14,
  title={Estimation of the spontaneous mutation rate per nucleotide site in a \textit{Drosophila melanogaster} full-sib family},
  author={Keightley, Peter D and Ness, Rob W and Halligan, Daniel L and Haddrill, Penelope R},
  journal={Genetics},
  abb={Genetics},
  volume={196},
  number={1},
  pages={313--320},
  year={2014},
  publisher={Genetics Soc America}
}

@article{Keig15,
  title={Estimation of the spontaneous mutation rate in \textit{Heliconius melpomene}},
  author={Keightley, Peter D and Pinharanda, Ana and Ness, Rob W and Simpson, Fraser and Dasmahapatra, Kanchon K and Mallet, James and Davey, John W and Jiggins, Chris D},
  journal={Molecular Biology and Evolution},
  abb ={Mol. Biol. Evol.},
  volume={32},
  number={1},
  pages={239--243},
  year={2015},
  publisher={Oxford University Press}
}

@article{Kibo96,
   author = {Kibota, Travis T and Lynch, Michael},
   title = {Estimate of the genomic mutation rate deleterious to overall fitness in \textit{E. coli}},
   journal = {Nature},
   abb = {Nature},
   volume = {381},
   number = {6584},
   pages = {694--696},
   ISSN = {0028-0836},
   year = {1996},
   type = {Journal Article}
}

@Article{Kim17,
  author  = {Kim, Bernard Y and Huber, Christian D and Lohmueller, Kirk E},
  title   = {Inference of the distribution of selection coefficients for new nonsynonymous mutations using large samples},
  journal = {Genetics},
  abb = {Genetics},
  year    = {2017},
  volume  = {206},
  number  = {1},
  pages   = {345--361},
  issn    = {0016-6731},
  type    = {Journal Article},
}

@article{Kimu65,
  title={A stochastic model concerning the maintenance of genetic variability in quantitative characters},
  author={Kimura, Motoo},
  journal={Proceedings of the National Academy of Sciences of the United States of America},
  abb ={Proc. Natl. Acad. Sci. USA},
  volume={54},
  number={3},
  pages={731},
  year={1965},
  publisher={National Academy of Sciences}
}

@Book{Kimu83,
  title         = {The {N}eutral {T}heory of {M}olecular {E}volution},
  publisher     = {Cambridge University Press, New York},
  year          = {1983},
  author        = {Kimura, Motoo},
  isbn          = {0521317932},
  __markedentry = {[s4235890:]},
  type          = {Book},
}

@article{Kimu63,
   author = {Kimura, Motoo and Maruyama, Takeo and Crow, James F},
   title = {The mutation load in small populations},
   journal = {Genetics},
   abb={Genetics},
   volume = {48},
   number = {10},
   pages = {1303-1312},
   year = {1963},
   type = {Journal Article}
}

@Article{King04,
  author  = {Kingsolver, Joel G and Pfennig, David W},
  title   = {Individual‐level selection as a cause of Cope's Rule of phyletic size increase},
  journal = {Evolution},
  abb = {Evolution},
  year    = {2004},
  volume  = {58},
  number  = {7},
  pages   = {1608--1612},
  issn    = {1558-5646},
  type    = {Journal Article},
}

@article{King01,
  title={The strength of phenotypic selection in natural populations},
  author={Kingsolver, Joel G and Hoekstra, Hopi E and Hoekstra, Jon M and Berrigan, David and Vignieri, Sacha N and Hill, CE and Hoang, Anhthu and Gibert, Patricia and Beerli, Peter},
  journal={The American Naturalist},
  abb ={Am. Nat.},
  volume={157},
  number={3},
  pages={245--261},
  year={2001},
  publisher={The University of Chicago Press}
}

@article{King12,
  title={Synthetic analyses of phenotypic selection in natural populations: lessons, limitations and future directions},
  author={Kingsolver, Joel G and Diamond, Sarah E and Siepielski, Adam M and Carlson, Stephanie M},
  journal={Evolutionary Ecology},
  abb ={Evol. Ecol.},
  volume={26},
  number={5},
  pages={1101--1118},
  year={2012},
  publisher={Springer}
}

@article{Klei73,
  title={Heritability and genetic correlation{:} Standard errors of estimates and sample size},
  author={Klein, Thomas W and DeFries, JC and Finkbeiner, Carl T},
  journal={Behavior Genetics},
  abb={Behav. Genet.},
  volume={3},
  number={4},
  pages={355--364},
  year={1973},
  publisher={Springer}
}

@article{Klei74,
  title={Heritability and genetic correlation{:} Statistical power, population comparisons, and sample size},
  author={Klein, Thomas W},
  journal={Behavior Genetics},
  abb={Behav. Genet.},
  volume={4},
  number={2},
  pages={171--189},
  year={1974},
  publisher={Springer}
}

@article{Knau17,
  title={vcfr: a package to manipulate and visualize variant call format data in R},
  author={Knaus, Brian J and Gr{\"u}nwald, Niklaus J},
  journal={Molecular Ecology Resources},
  abb={Mol. Ecol. Resour.},
  volume={17},
  number={1},
  pages={44--53},
  year={2017},
  publisher={Wiley Online Library}
}

@article{Koch19,
  title={De novo mutation rate estimation in wolves of known pedigree},
  author={Koch, Evan M and Schweizer, Rena M and Schweizer, Teia M and Stahler, Daniel R and Smith, Douglas W and Wayne, Robert K and Novembre, John},
  journal={Molecular Biology and Evolution},
  abb ={Mol. Biol. Evol.},
  volume={36},
  number={11},
  pages={2536--2547},
  year={2019},
  publisher={Oxford University Press}
}

@article{Kofl11,
  title={PoPoolation{:} a toolbox for population genetic analysis of next generation sequencing data from pooled individuals},
  author={Kofler, Robert and Orozco-terWengel, Pablo and De Maio, Nicola and Pandey, Ram Vinay and Nolte, Viola and Futschik, Andreas and Kosiol, Carolin and Schl{\"o}tterer, Christian},
  journal={PloS one},
  abb={PloS one},
  volume={6},
  number={1},
  pages={e15925},
  year={2011},
  publisher={Public Library of Science San Francisco, USA}
}


@article{Kofl13,
  title={A guide for the design of evolve and resequencing studies},
  author={Kofler, Robert and Schl{\"o}tterer, Christian},
  journal={Molecular biology and evolution},
  abb={Mol. Biol. Evol.},
  volume={31},
  number={2},
  pages={474--483},
  year={2013},
  publisher={Oxford University Press}
}

@article{Kofl16,
  title={The impact of library preparation protocols on the consistency of allele frequency estimates in {P}ool-{S}eq data},
  author={Kofler, Robert and Nolte, Viola and Schl{\"o}tterer, Christian},
  journal={Molecular Ecology Resources},
  abb={Mol. Ecol. Resour. },
  volume={16},
  number={1},
  pages={118--122},
  year={2016},
  publisher={Wiley Online Library}
}

@article{Kola11,
   author = {Kolaczkowski, Bryan and Kern, Andrew D and Holloway, Alisha K and Begun, David J},
   title = {Genomic differentiation between temperate and tropical {A}ustralian populations of \textit{Drosophila melanogaster}},
   journal = {Genetics},
   abb={Genetics},
   volume = {187},
   number = {1},
   pages = {245-260},
   ISSN = {1943-2631},
   year = {2011},
   type = {Journal Article}
}


@Article{Kond92,
  author  = {Kondrashov, A. S. and Turelli, M.},
  title   = {Deleterious mutations, apparent stabilizing selection and the maintenance of quantitative variation},
  journal = {Genetics},
  abb = {Genetics},
  year    = {1992},
  volume  = {132},
  number  = {2},
  pages   = {603--618},
  issn    = {0016-6731},
  type    = {Journal Article},
}

@article{Kond94,
  title={Genotype—environment interactions and the estimation of the genomic mutation rate in \textit{Drosophila melanogaster}},
  author={Kondrashov, Alexey S and Houle, David},
  journal={Proceedings of the Royal Society of London. Series B: Biological Sciences},
  abb ={Proc. R. Soc. Lond. B Biol. Sci.},
  volume={258},
  number={1353},
  pages={221--227},
  year={1994},
  publisher={The Royal Society London}
}

@article{Kong12,
  title={Rate of de novo mutations and the importance of father’s age to disease risk},
  author={Kong, Augustine and Frigge, Michael L and Masson, Gisli and Besenbacher, Soren and Sulem, Patrick and Magnusson, Gisli and Gudjonsson, Sigurjon A and Sigurdsson, Asgeir and Jonasdottir, Aslaug and Jonasdottir, Adalbjorg},
  journal={Nature},
  abb ={Nature},
  volume={488},
  number={7412},
  pages={471--475},
  year={2012},
  publisher={Nature Publishing Group}
}

@article{Konr18,
  title={Mutational and transcriptional landscape of spontaneous gene duplications and deletions in \textit{Caenorhabditis elegans}},
  author={Konrad, Anke and Flibotte, Stephane and Taylor, Jon and Waterston, Robert H and Moerman, Donald G and Bergthorsson, Ulfar and Katju, Vaishali},
  journal={Proceedings of the National Academy of Sciences},
  abb={Proc. Natl. Acad. Sci. },
  volume={115},
  number={28},
  pages={7386--7391},
  year={2018},
  publisher={National Acad Sciences}
}

@Article{Kous13,
  author  = {Kousathanas, Athanasios and Keightley, Peter D},
  title   = {A comparison of models to infer the distribution of fitness effects of new mutations},
  journal = {Genetics},
  abb = {Genetics},
  year    = {2013},
  volume  = {193},
  number  = {4},
  pages   = {1197--1208},
  issn    = {0016-6731},
  type    = {Journal Article},
}

@Article{Kryu07,
  author  = {Kryukov, Gregory V and Pennacchio, Len A and Sunyaev, Shamil R},
  title   = {Most rare missense alleles are deleterious in humans: implications for complex disease and association studies},
  journal = {The American Journal of Human Genetics},
  abb = {Am. J. Hum. Genet.},
  year    = {2007},
  volume  = {80},
  number  = {4},
  pages   = {727--739},
  issn    = {0002-9297},
  type    = {Journal Article},
}

@article{Krza79,
  title={Between-groups comparison of principal components},
  author={Krzanowski, WJ},
  journal={Journal of the American Statistical Association},
  abb ={J. Am. Stat. Assoc.},
  volume={74},
  number={367},
  pages={703--707},
  year={1979},
  publisher={Taylor \& Francis}
}

@article{Kuzn22,
   author={Kuznetsov, Dmitry and Tegenfeldt, Fredrik and Manni, Mos{\`e} and Seppey, Mathieu and Berkeley, Matthew and Kriventseva, Evgenia V and Zdobnov, Evgeny M},
   title = {OrthoDB v11{:} annotation of orthologs in the widest sampling of organismal diversity},
   journal = {Nucleic Acids Research},
   abb = {Nucleic Acids Res.},
   year = {2022},
   type = {Journal Article}
}
%====== L ======%
@Article{Land94,
  author    = {Lande, Russell},
  title     = {Risk of population extinction from fixation of new deleterious mutations},
  journal   = {Evolution},
  abb   = {Evolution},
  year      = {1994},
  volume    = {48},
  number    = {5},
  pages     = {1460--1469},
  publisher = {Wiley Online Library},
}

@article{Land79,
  title={Quantitative genetic analysis of multivariate evolution, applied to brain: body size allometry},
  author={Lande, Russell},
  journal={Evolution},
  abb={Evolution},
  volume={33},
  number={1Part2},
  pages={402--416},
  year={1979},
  publisher={Wiley Online Library}
}

@article{Land80,
  title={The genetic covariance between characters maintained by pleiotropic mutations},
  author={Lande, Russell},
  journal={Genetics},
  abb={Genetics},
  volume={94},
  number={1},
  pages={203--215},
  year={1980},
  publisher={Oxford University Press}
}

@article{Land76,
  title={Natural selection and random genetic drift in phenotypic evolution},
  author={Lande, Russell},
  journal={Evolution},
  abb={Evolution},
  volume={30},
  number={2},
  pages={314--334},
  year={1976},
  publisher={Wiley Online Library}
}

@Article{Land75,
  author  = {Lande, Russell},
  title   = {The maintenance of genetic variability by mutation in a polygenic character with linked loci},
  journal = {Genetics Research},
  abb = {Genet. Res.},
  year    = {1975},
  volume  = {26},
  number  = {3},
  pages   = {221--235},
  issn    = {0016-6723},
  doi     = {10.1017/S0016672300016037},
  type    = {Journal Article},
}

@article{Land07,
  title={Genetic properties influencing the evolvability of gene expression},
  author={Landry, Christian R and Lemos, Bernardo and Rifkin, Scott A and Dickinson, WJ and Hartl, Daniel L},
  journal={Science},
  abb={Science},
  volume={317},
  number={5834},
  pages={118--121},
  year={2007},
  publisher={American Association for the Advancement of Science}
}


@article{Lati14,
   author = {Latimer, C. A. L. and McGuigan, K. and Wilson, R. S. and Blows, M. W. and Chenoweth, S. F.},
   title = {The contribution of spontaneous mutations to thermal sensitivity curve variation in \textit{Drosophila serrata}},
   journal = {Evolution},
   abb = {Evolution},
   volume = {68},
   number = {6},
   pages = {1824--1837},
   ISSN = {0014-3820},
   DOI = {Doi 10.1111/Evo.12392},
   url = {<Go to ISI>://WOS:000337558900022},
   year = {2014},
   type = {Journal Article}
}


@article{Latt13,
  title={Genomic background and generation time influence deleterious mutation rates in Daphnia},
  author={Latta, Leigh C and Morgan, Kendall K and Weaver, Casse S and Allen, Desiree and Schaack, Sarah and Lynch, Michael},
  journal={Genetics},
  abb={Genetics},
  volume={193},
  number={2},
  pages={539--544},
  year={2013},
  publisher={Genetics Soc America}
}

@article{Latt15,
  title={The phenotypic effects of spontaneous mutations in different environments},
  author={Latta, Leigh C and Peacock, Mica and Civitello, David J and Dudycha, Jeffry L and Meik, Jesse M and Schaack, Sarah},
  journal={The American Naturalist},
  abb ={Am. Nat.},
  volume={185},
  number={2},
  pages={243--252},
  year={2015},
  publisher={University of Chicago Press Chicago, IL}
}

@article{Latt70,
  title={Selection in finite populations with multiple alleles. {II}. Centripetal selection, mutation, and isoallelic variation},
  author={Latter, BDH},
  journal={Genetics},
  abb ={Genetics},
  volume={66},
  number={1},
  pages={165--186},
  year={1970},
  publisher={Genetics Society of America}
}

@article{LeMa19,
  title={Multivariate comparison of variance in {R}},
  author={Le Ma{\^\i}tre, Anne and Mitteroecker, Philipp},
  journal={Methods in Ecology and Evolution},
  abb={Methods Ecol. Evol.},
  volume={10},
  number={9},
  pages={1380--1392},
  year={2019},
  publisher={Wiley Online Library}
}

@Book{Li97,
  title     = {Molecular {E}volution},
  publisher = {Sinauer, Sunderland},
  year      = {1997},
  author    = {Li, Wen Hsiung and others},
}

@Article{Li10,
  author        = {Li, Yingrui and Vinckenbosch, Nicolas and Tian, Geng and Huerta-Sanchez, Emilia and Jiang, Tao and Jiang, Hui and Albrechtsen, Anders and Andersen, Gitte and Cao, Hongzhi and Korneliussen, Thorfinn},
  title         = {Resequencing of 200 human exomes identifies an excess of low-frequency non-synonymous coding variants},
  journal       = {Nature Genetics},
  abb       = {Nat. Genet.},
  year          = {2010},
  volume        = {42},
  number        = {11},
  pages         = {969-972},
  issn          = {1061-4036},
  __markedentry = {[s4235890:]},
  type          = {Journal Article},
}

@article{Li09bwa,
  title={Fast and accurate short read alignment with Burrows--Wheeler transform},
  author={Li, Heng and Durbin, Richard},
  journal={Bioinformatics},
  abb={Bioinformatics},
  volume={25},
  number={14},
  pages={1754--1760},
  year={2009},
  publisher={Oxford University Press}
}

@article{Li09samtools,
  title={The sequence alignment/map format and {SAM}tools},
  author={Li, Heng and Handsaker, Bob and Wysoker, Alec and Fennell, Tim and Ruan, Jue and Homer, Nils and Marth, Gabor and Abecasis, Goncalo and Durbin, Richard},
  journal={Bioinformatics},
  abb={Bioinformatics},
  volume={25},
  number={16},
  pages={2078--2079},
  year={2009},
  publisher={Oxford University Press}
}

@article{Li14,
  title={Toward better understanding of artifacts in variant calling from high-coverage samples},
  author={Li, Heng},
  journal={Bioinformatics},
  abb={Bioinformatics},
  volume={30},
  number={20},
  pages={2843--2851},
  year={2014},
  publisher={Oxford University Press}
}

@book{Litt06,
  title={SAS system for Mixed Models},
  author={Littel, RC and Milliken, GA and Stroup, WW and Wolfinger, RC and Schabenberger, O},
  publisher={SAS Institute, Cary, NC.},
  year={2006}
}

@Article{Lloy82,
  author  = {Lloyd, SP},
  title   = {Least squares quantization in PCM},
  journal = {IEEE Transactions on Information Theory},
  abb = {IEEE Trans. Inf. Theory},
  year    = {1982},
  volume  = {28},
  number  = {2},
  pages   = {129--137},
  issn    = {0018-9448},
  type    = {Journal Article},
}



@Article{Loew06,
  author        = {Loewe, Laurence and Charlesworth, Brian and Bartolom{\'e}, Carolina and N{\"o}el, V{\'e}ronique},
  title         = {Estimating selection on nonsynonymous mutations},
  journal       = {Genetics},
  abb       = {Genetics},
  year          = {2006},
  volume        = {172},
  number        = {2},
  pages         = {1079--1092},
  issn          = {0016-6731},
  __markedentry = {[s4235890:]},
  type          = {Journal Article},
}

@Article{Loew06only,
  author  = {Loewe, Laurence},
  title   = {Quantifying the genomic decay paradox due to {M}uller's ratchet in human mitochondrial {DNA}},
  journal = {Genetics Research},
  abb = {Genet. Res.},
  year    = {2006},
  volume  = {87},
  number  = {2},
  pages   = {133--159},
  issn    = {1469-5073},
  type    = {Journal Article},
}

@article{Lope93,
  title={Spontaneous mutation for a quantitative trait in \textit{Drosophila melanogaster}. {II}. {D}istribution of mutant effects on the trait and fitness},
  author={L{\'o}pez, Mar{\'\i} A and L{\'o}pez-Fanjul, Carlos},
  journal={Genetics Research},
  abb ={Genet. Res.},
  volume={61},
  number={2},
  pages={117--126},
  year={1993},
  publisher={Cambridge University Press}
}

@article{Luij18,
  title={Mutation accumulation in populations of varying size{:} {L}arge effect mutations cause most mutational decline in the rotifer \textit{Brachionus calyciflorus} under UV-C radiation},
  author={Luijckx, Pepijn and Ho, Eddie KH and Stani{\'c}, Andrijana and Agrawal, Aneil F},
  journal={Journal of Evolutionary Biology},
  abb={J. Evol. Biol.},
  volume={31},
  number={6},
  pages={924--932},
  year={2018},
  publisher={Wiley Online Library}
}

@article{Lync85,
   author = {Lynch, Michael},
   title = {Spontaneous mutations for life-history characters in an obligate parthenogen},
   journal = {Evolution},
   abb = {Evolution},
   pages = {804-818},
   ISSN = {0014-3820},
   year = {1985},
   type = {Journal Article}
}

@Article{Lync86,
  author  = {Lynch, Michael and Hill, William G},
  title   = {Phenotypic evolution by neutral mutation},
  journal = {Evolution},
  abb = {Evolution},
  year    = {1986},
  volume    = {40},
  pages   = {915--935},
  issn    = {0014-3820},
  type    = {Journal Article},
}

@Article{Lync88a,
  author  = {Lynch, Michael},
  title   = {Design and analysis of experiments on random drift and inbreeding depression},
  journal = {Genetics},
  abb = {Genetics},
  year    = {1988},
  volume  = {120},
  number  = {3},
  pages   = {791--807},
  issn    = {0016-6731},
  type    = {Journal Article},
}

@Article{Lync88b,
  author  = {Lynch, Michael},
  title   = {The Rate of Polygenic Mutation},
  journal = {Genetics Research},
  abb = {Genet. Res.},
  year    = {1988},
  volume  = {51},
  pages   = {137--148},
}
@article{Lync90,
  title={Mutation load and the survival of small populations},
  author={Lynch, Michael and Gabriel, Wilfried},
  journal={Evolution},
  abb ={Evolution},
  volume={44},
  number={7},
  pages={1725--1737},
  year={1990},
  publisher={Wiley Online Library}
}

@Book{Lync94,
  pages     = {86--108},
  title     = {The neutral theory of phenotypic evolution},
  publisher = {Princeton University Press, Princeton, N.J.},
  year      = {1994},
  author    = {Lynch, M.},
  editor    = {Real, Leslie A.},
  type      = {Book Section},
  address   = {Princeton, N.J.},
  booktitle = {Ecological genetics},
}

@Article{Lync95,
  author    = {Lynch, Michael and Conery, John and B{\"u}rger, Reinhard},
  title     = {Mutation accumulation and the extinction of small populations},
  journal = {The American Naturalist},
  abb   = {Am. Nat.},
  year      = {1995},
  volume    = {146},
  number    = {4},
  pages     = {489--518},
  publisher = {University of Chicago Press},
}

@Article{Lync98b,
  author  = {Lynch, Michael and Latta, Leigh and Hicks, Justin and Giorgianni, Matthew},
  title   = {Mutation, selection, and the maintenance of life-history variation in a natural population},
  journal = {Evolution},
  abb = {Evolution},
  year    = {1998},
  volume    = {52},
  pages   = {727--733},
  issn    = {0014-3820},
  type    = {Journal Article},
}

@book{Lync98,
  title={Genetics and {A}nalysis of {Q}uantitative {T}raits},
  author={Lynch, Michael and Walsh, Bruce},
  year={1998},
  publisher={Sinauer Sunderland, MA}
}

@InBook{Lync98a,
  chapter   = {12},
  pages     = {321--352},
  title     = {Polygenes and Polygenic Mutation},
  publisher = {Sinauer},
  year      = {1998},
  author    = {Lynch, Michael and Walsh, Bruce},
  type      = {Book Section},
  address   = {Sunderland, Ma},
  isbn      = {9780878934812; 0878934812},
  booktitle = {Genetics and Analysis of Quantitative Traits},
 }

@Article{Lync99,
  author  = {Lynch, M. and Blanchard, J. and Houle, D. and Kibota, T. and Schultz, S. and Vassilieva, L. and Willis, J.},
  title   = {Perspective: {S}pontaneous deleterious mutation},
  journal = {Evolution},
  abb = {Evolution},
  year    = {1999},
  volume  = {53},
  number  = {3},
  pages   = {645--663},
  issn    = {0014-3820},
  doi     = {Doi 10.2307/2640707},
  type    = {Journal Article},
}

@article{Lync08,
  title={A genome-wide view of the spectrum of spontaneous mutations in yeast},
  author={Lynch, Michael and Sung, Way and Morris, Krystalynne and Coffey, Nicole and Landry, Christian R and Dopman, Erik B and Dickinson, W Joseph and Okamoto, Kazufusa and Kulkarni, Shilpa and Hartl, Daniel L},
  journal={Proceedings of the National Academy of Sciences},
  abb={Proc. Natl. Acad. Sci. },
  volume={105},
  number={27},
  pages={9272--9277},
  year={2008},
  publisher={National Acad Sciences}
}

@article{Lync10,
  title={Evolution of the mutation rate},
  author={Lynch, Michael},
  journal={Trends in Genetics},
  abb={Trends Genet.},
  volume={26},
  number={8},
  pages={345--352},
  year={2010},
  publisher={Elsevier}
}

@article{Lync14,
   author = {Lynch, Michael and Bost, Darius and Wilson, Sade and Maruki, Takahiro and Harrison, Scott},
   title = {Population-genetic inference from pooled-sequencing data},
   journal = {Genome Biology and Evolution},
   abb = {Genome Biol. Evol.},
   volume = {6},
   number = {5},
   pages = {1210-1218},
   ISSN = {1759-6653},
   year = {2014},
   type = {Journal Article}
}

%====== M ======%
@article{Mack92A,
  title={Effects of {P} element insertions on quantitative traits in \textit{Drosophila melanogaster}},
  author={Mackay, TFe and Lyman, Richard F and Jackson, Michael S},
  journal={Genetics},
  abb={Genetics},
  volume={130},
  number={2},
  pages={315--332},
  year={1992},
  publisher={Genetics Soc America}
}

@Article{Mack92B,
  author  = {Mackay, Trudy FC and Lyman, Richard F and Jackson, Michael S and Terzian, Christophe and Hill, William G},
  title   = {Polygenic mutation in \textit{Drosophila melanogaster}: {E}stimates from divergence among inbred strains},
  journal = {Evolution},
  abb = {Evolution},
  year    = {1992},
  volume    = {46},
  pages   = {300--316},
  issn    = {0014-3820},
  type    = {Journal Article},
}

@Article{Mack95,
  author  = {Mackay, TF and Lyman, Richard F and Hill, William G},
  title   = {Polygenic mutation in \textit{Drosophila melanogaster}: non-linear divergence among unselected strains},
  journal = {Genetics},
  abb = {Genetics},
  year    = {1995},
  volume  = {139},
  number  = {2},
  pages   = {849--859},
  issn    = {0016-6731},
  type    = {Journal Article},
}

@article{Mack98,
   author = {Mackay, Trudy FC and Lyman, Richard F},
   title = {Polygenic mutation in \textit{Drosophila melanogaster}: {G}enotype $\times$ environment interaction for spontaneous mutations affecting bristle number},
   journal = {Genetica},
   abb = {Genetica},
   volume = {102},
   pages = {199},
   ISSN = {0016--6707},
   year = {1998},
   type = {Journal Article}
}

@article{Mack01,
  title={The genetic architecture of quantitative traits},
  author={Mackay, Trudy FC},
  journal={Annual Review of Genetics},
  abb ={Annu. Rev. Genet.},
  volume={35},
  number={1},
  pages={303--339},
  year={2001},
  publisher={Annual Reviews 4139 El Camino Way, PO Box 10139, Palo Alto, CA 94303-0139, USA}
}

@article{Mack09,
  title={The genetics of quantitative traits{:} challenges and prospects},
  author={Mackay, Trudy FC and Stone, Eric A and Ayroles, Julien F},
  journal={Nature Reviews Genetics},
  abb ={Nat. Rev. Genet.},
  volume={10},
  number={8},
  pages={565--577},
  year={2009},
  publisher={Nature Publishing Group}
}

@incollection{Mart98,
  title={Spontaneous mutation for life-history traits in \textit{Drosophila melanogaster}},
  author={Martorell, C and Toro, MA and Gallego, C},
  booktitle={Mutation and Evolution},
  pages={315--324},
  year={1998},
  publisher={Springer}
}

@article{Mall23,
   author = {Mallard, Fran{\c{c}}ois and Noble, Luke and Baer, Charles F and Teot{\'o}nio, Henrique},
   title = {Variation in mutational (co) variances},
   journal = {G3},
   abb = {G3},
   volume = {13},
   number = {2},
   pages = {jkac335},
   ISSN = {2160-1836},
   year = {2023},
   type = {Journal Article}
}

@Article{Mart06,
  author  = {Martin, Guillaume and Lenormand, Thomas},
  title   = {A general multivariate extension of {F}isher's geometrical model and the distribution of mutation fitness effects across species},
  journal = {Evolution},
  abb = {Evolution},
  year    = {2006},
  volume  = {60},
  number  = {5},
  pages   = {893--907},
  issn    = {1558-5646},
  type    = {Journal Article},
}

@Article{McGu07,
  author  = {McGuigan, Katrina and Blows, Mark W},
  title   = {The phenotypic and genetic covariance structure of drosphilid wings},
  journal = {Evolution},
  abb = {Evolution},
  year    = {2007},
  volume  = {61},
  number  = {4},
  pages   = {902--911},
  issn    = {1558-5646},
  type    = {Journal Article},
}

@article{McGu11a,
   author = {McGuigan, K. and Petfield, D. and Blows, M. W.},
   title = {Reducing Mutation Load through sexual selection on males},
   journal = {Evolution},
   abb = {Evolution},
   volume = {65},
   number = {10},
   pages = {2816--2829},
   ISSN = {0014-3820},
   DOI = {DOI 10.1111/j.1558-5646.2011.01346.x},
   url = {<Go to ISI>://WOS:000295521600010},
   year = {2011},
   type = {Journal Article}
}


@Article{McGu11b,
  author  = {McGuigan, K. and Rowe, L. and Blows, M. W.},
  title   = {Pleiotropy, apparent stabilizing selection and uncovering fitness optima},
  journal = {Trends in Ecology \& Evolution},
  abb = {Trends Ecol. Evol},
  year    = {2011},
  volume  = {26},
  number  = {1},
  pages   = {22--29},
  issn    = {0169-5347},
  doi     = {DOI 10.1016/j.tree.2010.10.008},
  type    = {Journal Article},
  url     = {<Go to ISI>://WOS:000286550100006},
}

@Article{McGu13,
  author  = {McGuigan, K. and Blows, M. W.},
  title   = {Joint allelic effects on fitness and metric traits},
  journal = {Evolution},
  abb = {Evolution},
  year    = {2013},
  volume  = {67},
  number  = {4},
  pages   = {1131--1142},
  issn    = {0014-3820},
  doi     = {DOI 10.1111/j.1558-5646.2012.01833.x},
  type    = {Journal Article},
}

@article{McGu14,
  title={Pleiotropic mutations are subject to strong stabilizing selection},
  author={McGuigan, Katrina and Collet, Julie M and Allen, Scott L and Chenoweth, Stephen F and Blows, Mark W},
  journal={Genetics},
  abb={Genetics},
  volume={197},
  number={3},
  pages={1051--1062},
  year={2014},
  publisher={Genetics Soc America}
}

@Article{McGu15,
  author  = {McGuigan, Katrina and Aguirre, J David and Blows, Mark W},
  title   = {Simultaneous estimation of additive and mutational genetic variance in an outbred population of \textit{Drosophila serrata}},
  journal = {Genetics},
  abb = {Genetics},
  year    = {2015},
  volume  = {201},
  number  = {3},
  pages   = {1239--1251},
  issn    = {0016-6731},
  type    = {Journal Article},
}

@article{McKa13,
  title={A common set of DNA regulatory elements shapes Drosophila appendages},
  author={McKay, Daniel J and Lieb, Jason D},
  journal={Developmental Cell},
  abb={Dev. Cell},
  volume={27},
  number={3},
  pages={306--318},
  year={2013},
  publisher={Elsevier}
}

@Article{McMa15,
  author        = {McManus, Kimberly F and Kelley, Joanna L and Song, Shiya and Veeramah, Krishna R and Woerner, August E and Stevison, Laurie S and Ryder, Oliver A and Ape Genome Project, Great and Kidd, Jeffrey M and Wall, Jeffrey D},
  title         = {Inference of gorilla demographic and selective history from whole-genome sequence data},
  journal       = {Molecular Biology and Evolution},
  abb       = {Mol. Biol. Evol.},
  year          = {2015},
  volume        = {32},
  number        = {3},
  pages         = {600--612},
  issn          = {1537-1719},
  __markedentry = {[s4235890:]},
  type          = {Journal Article},
}

@article{Melo15,
  title={Evol{QG -} an {R} package for evolutionary quantitative genetics},
  author={Melo, Diogo and Garcia, Guilherme and Hubbe, Alex and Assis, Ana Paula and Marroig, Gabriel},
  journal={F1000Res},
  volume={4},
  pages={925},
  year={2015},
  publisher={Cold Spring Harbor Laboratory}
}

@article{Meri99,
  title={Genetic architecture of fitness and nonfitness traits: empirical patterns and development of ideas},
  author={Meril{\"a}, Juha and Sheldon, Ben C},
  journal={Heredity},
  abb ={Heredity},
  volume={83},
  number={2},
  pages={103--109},
  year={1999},
  publisher={Wiley Online Library}
}

@article{Meye09,
  title={Factor-analytic models for genotype $\times$ environment type problems and structured covariance matrices},
  author={Meyer, Karin},
  journal={Genetics Selection Evolution},
  volume={41},
  pages={21},
  year={2009},
  publisher={Springer}
}

@article{Meye13,
  title={Sampling based approximation of confidence intervals for functions of genetic covariance matrices},
  author={Meyer, Karin and Houle, David},
  journal={Proceedings of the Association for the Advancement of Animal Breeding and Genetics},
  abb={Proc. Assoc. Advmt. Anim. Breed. Genet.},
  volume={20},
  pages={523--526},
  year={2013}
}

@article{Meze05,
  title={The dimensionality of genetic variation for wing shape in \textit{Drosophila melanogaster}},
  author={Mezey, Jason G and Houle, David},
  journal={Evolution},
  abb={Evolution},
  volume={59},
  number={5},
  pages={1027--1038},
  year={2005},
  publisher={Wiley Online Library}
}

@article{Mitt09,
  title={The ontogenetic trajectory of the phenotypic covariance matrix, with examples from craniofacial shape in rats and humans},
  author={Mitteroecker, Philipp and Bookstein, Fred},
  journal={Evolution},
   abb = {Evolution},
  volume={63},
  number={3},
  pages={727--737},
  year={2009},
  publisher={Blackwell Publishing Inc Malden, USA}
}


@article{Morg14,
   author = {Morgan, Andrew D and Ness, Rob W and Keightley, Peter D and Colegrave, Nick},
   title = {Spontaneous mutation accumulation in multiple strains of the green alga, \textit{Chlamydomonas reinhardtii}},
   journal = {Evolution},
   abb = {Evolution},
   volume = {68},
   number = {9},
   pages = {2589--2602},
   ISSN = {0014-3820},
   year = {2014},
   type = {Journal Article}
}

@article{Morr16,
  title={Meta-analysis of magnitudes, differences and variation in evolutionary parameters},
  author={Morrissey, Michael B},
  journal={Journal of Evolutionary Biology},
  abb={J. Evol. Biol.},
  volume={29},
  number={10},
  pages={1882--1904},
  year={2016},
  publisher={Wiley Online Library}
}

@article{Mull64,
  title={The relation of recombination to mutational advance},
  author={Muller, Hermann Joseph},
  journal={Mutation Research},
  abb ={Mut. Res.},
  volume={1},
  number={1},
  pages={2--9},
  year={1964},
  publisher={Elsevier}
}

@Article{Muka64,
  author        = {Mukai, T.},
  title         = {The genetic structure of natural populations of \textit{Drosophila Melanogaster}. {I}. Spontaneous mutation rate of polygenes controlling viability},
  journal       = {Genetics},
  abb       = {Genetics},
  year          = {1964},
  volume        = {50},
  number        = {1},
  pages         = {1--19},
  issn          = {0016-6731},
  __markedentry = {[s4235890:]},
  type          = {Journal Article},
  url           = {<Go to ISI>://WOS:A19641920B00009},
}

@article{Muka68,
   author = {Mukai, Terumi and Yamazaki, Tsuneyuki},
   title = {The genetic structure of natural populations of Drosophila melanogaster. {V}. Coupling-repulsion effect of spontaneous mutant polygenes controlling viability},
   journal = {Genetics},
   abb = {Genetics},
   volume = {59},
   number = {4},
   pages = {513--535},
   year = {1968},
   type = {Journal Article}
}

@Article{Muka72,
  author  = {Mukai, T. and Chigusa, S. I. and Crow, J. F. and Mettler, L. E.},
  title   = {Mutation rate and dominance of genes affecting viability in \textit{Drosophila melanogaster}},
  journal = {Genetics},
  abb = {Genetics},
  year    = {1972},
  volume  = {72},
  number  = {2},
  pages   = {335--355},
  issn    = {0016-6731},
  type    = {Journal Article},
  url     = {<Go to ISI>://WOS:A1972O057000012},
}

@incollection{Muka79,
  title={Polygenic mutation},
  author={Mukai, Terumi},
  booktitle  = {Quantitative genetic variation},
  pages={177--196},
  year={1979},
  publisher={Academic Press New York}
}

@article{Muka84,
   author = {Mukai, Terumi and Harada, Ko and Yoshimaru, Hiroshi},
   title = {Spontaneous mutations modifying the activity of alcohol dehydrogenase (ADH) in \textit{Drosophila melanogaster}},
   journal = {Genetics},
   abb = {Genetics},
   volume = {106},
   number = {1},
   pages = {73--84},
   ISSN = {0016-6731},
   year = {1984},
   type = {Journal Article}
}


%====== N ======%
@article{Naka17,
  title={Meta-evaluation of meta-analysis: ten appraisal questions for biologists},
  author={Nakagawa, Shinichi and Noble, Daniel WA and Senior, Alistair M and Lagisz, Malgorzata},
  journal={BMC Biology},
  abb={BMC Biol.},
  volume={15},
  number={1},
  pages={1--14},
  year={2017},
  publisher={BioMed Central}
}

@Article{Nei84,
  author        = {Nei, M. and Graur, D.},
  title         = {Extent of Protein Polymorphism and the Neutral Mutation Theory},
  journal       = {Evolutionary Biology},
  abb       = {Evol. Biol.},
  year          = {1984},
  volume        = {17},
  pages         = {73--118},
  issn          = {0071-3260},
  __markedentry = {[s4235890:]},
  type          = {Journal Article},
}

@article{Ness12,
  title={Estimate of the spontaneous mutation rate in \textit{Chlamydomonas reinhardtii}},
  author={Ness, Rob W and Morgan, Andrew D and Colegrave, Nick and Keightley, Peter D},
  journal={Genetics},
  abb={Genetics},
  volume={192},
  number={4},
  pages={1447--1454},
  year={2012},
  publisher={Genetics Soc America}
}

@article{Neto09,
  title={Mechanisms of growth and homeostasis in the \textit{Drosophila} wing},
  author={Neto-Silva, Ricardo M and Wells, Brent S and Johnston, Laura A},
  journal={Annual Review of Cell and Developmental Biology},
  abb={Annu. Rev. Cell Dev. Biol.},
  volume={25},
  pages={197--220},
  year={2009},
  publisher={NIH Public Access}
}

@Article{Niel03,
  author    = {Nielsen, Rasmus and Yang, Ziheng},
  title     = {Estimating the distribution of selection coefficients from phylogenetic data with applications to mitochondrial and viral {DNA}},
  journal   = {Molecular Biology and Evolution},
  abb   = {Mol. Biol. Evol.},
  year      = {2003},
  volume    = {20},
  number    = {8},
  pages     = {1231--1239},
  publisher = {Oxford University Press},
}

@article{Nosi09,
   author = {Nosil, Patrik and Funk, Daniel J and Ortiz‐Barrientos, Daniel},
   title = {Divergent selection and heterogeneous genomic divergence},
   journal = {Molecular Ecology},
   abb = {Mol. Ecol.},
   volume = {18},
   number = {3},
   pages = {375-402},
   ISSN = {0962-1083},
   year = {2009},
   type = {Journal Article}
}

%====== O ======%
@article{Ohni77,
   author = {Ohnishi, O.},
   title = {Spontaneous and ethyl methanesulfonate-induced mutations controlling viability in \textit{Drosophila melanogaster} .{II}. Homozygous effect of polygenic mutations},
   journal = {Genetics},
   abb = {Genetics},
   volume = {87},
   number = {3},
   pages = {529--545},
   ISSN = {0016-6731},
   url = {<Go to ISI>://WOS:A1977EF26600011},
   year = {1977},
   type = {Journal Article}
}

@Article{Ohta92,
  author    = {Ohta, Tomoko},
  title     = {The nearly neutral theory of molecular evolution},
  journal   = {Annual Review of Ecology and Systematics},
  abb   = {Annu. Rev. Ecol. Syst.},
  year      = {1992},
  volume    = {23},
  number    = {1},
  pages     = {263--286},
  publisher = {Annual Reviews 4139 El Camino Way, PO Box 10139, Palo Alto, CA 94303-0139, USA},
}

@article{Okon16,
  title={Qualimap 2{:} advanced multi-sample quality control for high-throughput sequencing data},
  author={Okonechnikov, Konstantin and Conesa, Ana and Garc{\'\i}a-Alcalde, Fernando},
  journal={Bioinformatics},
  abb={Bioinformatics},
  volume={32},
  number={2},
  pages={292--294},
  year={2016},
  publisher={Oxford University Press}
}

@article{Orr98,
  title={The population genetics of adaptation{:} the distribution of factors fixed during adaptive evolution},
  author={Orr, H Allen},
  journal={Evolution},
  abb={Evolution},
  volume={52},
  number={4},
  pages={935--949},
  year={1998},
  publisher={Wiley Online Library}
}

@article{Orr00,
  title={Adaptation and the cost of complexity},
  author={Orr, H Allen},
  journal={Evolution},
  abb={Evolution},
  volume={54},
  number={1},
  pages={13--20},
  year={2000},
  publisher={Wiley Online Library}
}

@article{Orr03,
   author = {Orr, H Allen},
   title = {The distribution of fitness effects among beneficial mutations},
   journal = {Genetics},
   abb={Genetics},
   volume = {163},
   number = {4},
   pages = {1519-1526},
   ISSN = {1943-2631},
   year = {2003},
   type = {Journal Article}
}

@article{Ostr07,
author={Ostrow, Dejerianne and Phillips, Naomi and Avalos, Ari{\'a}n and Blanton, Dustin and Boggs, Ashley and Keller, Thomas and Levy, Laura and Rosenbloom, Jeffrey and Baer, Charles F},
  title={Mutational bias for body size in {R}habditid nematodes},
  journal={Genetics},
  abb ={Genetics},
  volume={176},
  number={3},
  pages={1653--1661},
  year={2007},
  publisher={Genetics Soc America}
}

@article{Osso10,
  title={The rate and molecular spectrum of spontaneous mutations in \textit{Arabidopsis thaliana}},
  author={Ossowski, Stephan and Schneeberger, Korbinian and Lucas-Lled{\'o}, Jos{\'e} Ignacio and Warthmann, Norman and Clark, Richard M and Shaw, Ruth G and Weigel, Detlef and Lynch, Michael},
  journal={Science},
  abb ={Science},
  volume={327},
  number={5961},
  pages={92--94},
  year={2010},
  publisher={American Association for the Advancement of Science}
}

@Article{Otto02,
  author  = {Otto, Sarah P and Lenormand, Thomas},
  title   = {Evolution of sex: resolving the paradox of sex and recombination},
  journal = {Nature Reviews Genetics},
  abb = {Nat. Rev. Genet.},
  year    = {2002},
  volume  = {3},
  number  = {4},
  pages   = {252},
  issn    = {1471-0056},
  type    = {Journal Article},
}


%====== P ======%

@article{Paab13,
  title={The many faces of pleiotropy},
  author={Paaby, Annalise B and Rockman, Matthew V},
  journal={Trends in Genetics},
  abb={Trends Genet.},
  volume={29},
  number={2},
  pages={66--73},
  year={2013},
  publisher={Elsevier}
}

@article{Pann08,
   author = {Pannebakker, Bart A and Halligan, Daniel L and Reynolds, K Tracy and Ballantyne, Gavin A and Shuker, David M and Barton, Nick H and West, Stuart A},
   title = {Effects of spontaneous mutation accumulation on sex ratio traits in a parasitoid wasp},
   journal = {Evolution},
   abb = {Evolution},
   volume = {62},
   number = {8},
   pages = {1921--1935},
   ISSN = {0014-3820},
   year = {2008},
   type = {Journal Article}
}

@Article{Part99,
  author  = {Partridge, Linda and Langelan, Rosalie and Fowler, Kevin and Zwaan, Bas and French, Vernon},
  title   = {Correlated responses to selection on body size in \textit{Drosophila melanogaster}},
  journal = {Genetics Research},
  abb = {Genet. Res.},
  year    = {1999},
  volume  = {74},
  number  = {01},
  pages   = {43--54},
  issn    = {1469-5073},
  type    = {Journal Article},
}

@Article{Park11,
  author        = {Park, Leeyoung},
  title         = {Effective population size of current human population},
  journal = {Genetics Research},
  abb = {Genet. Res.},
  year          = {2011},
  volume        = {93},
  number        = {2},
  pages         = {105--114},
  issn          = {1469-5073},
  __markedentry = {[s4235890:]},
  type          = {Journal Article},
}

@article{Paxm57,
   author = {Paxman, GJ},
   title = {A study of spontaneous mutation in \textit{Drosophila melanogaster}},
   journal = {Genetica},
   abb = {Genetica},
   volume = {29},
   number = {1},
   pages = {39--57},
   ISSN = {0016-6707},
   year = {1957},
   type = {Journal Article}
}

@article{Pfei17,
  title={Direct estimate of the spontaneous germ line mutation rate in African green monkeys},
  author={Pfeifer, Susanne P},
  journal={Evolution},
  abb={Evolution},
  volume={71},
  number={12},
  pages={2858--2870},
  year={2017},
  publisher={Wiley Online Library}
}

@article{Phil01,
  title={Inbreeding changes the shape of the genetic covariance matrix in \textit{Drosophila melanogaster}},
  author={Phillips, Patrick C and Whitlock, Michael C and Fowler, Kevin},
  journal={Genetics},
  abb={Genetics},
  volume={158},
  number={3},
  pages={1137--1145},
  year={2001},
  publisher={Genetics Soc America}
}

@incollection{Phil06,
  title={Evolution of genetic variance{-}covariance structure},
  author={Phillips, Patrick C and McGuigan, Katrina L},
  booktitle ={Evolutionary Genetics{:} concepts and case studies},
  pages={310--325},
  year={2006},
  publisher={Oxford University Press},
  address={Oxford},
  chapter ={20}
}


@article{Plet98,
   author = {Pletcher, Scott D and Houle, David and Curtsinger, James W},
   title = {Age-specific properties of spontaneous mutations affecting mortality in \textit{Drosophila melanogaster}},
   journal = {Genetics},
   abb = {Genetics},
   volume = {148},
   number = {1},
   pages = {287--303},
   ISSN = {0016-6731},
   year = {1998},
   type = {Journal Article}
}

@article{Plet99,
   author = {Pletcher, Scott D and Houle, David and Curtsinger, James W},
   title = {The evolution of age-specific mortality rates in \textit{Drosophila melanogaster}: genetic divergence among unselected lines},
   journal = {Genetics},
   abb = {Genetics},
   volume = {153},
   number = {2},
   pages = {813--823},
   ISSN = {0016-6731},
   year = {1999},
   type = {Journal Article}
}

@article{Prit10,
   author = {Pritchard, Jonathan K and Di Rienzo, Anna},
   title = {Adaptation–not by sweeps alone},
   journal = {Nature Reviews Genetics},
   abb={Nat. Rev. Genet.},
   volume = {11},
   number = {10},
   pages = {665-667},
   ISSN = {1471-0056},
   year = {2010},
   type = {Journal Article}
}
%====== Q ======%
@article{Qi18,
   author = {Qi, Guanghao and Chatterjee, Nilanjan},
   title = {Heritability informed power optimization {(HIPO)} leads to enhanced detection of genetic associations across multiple traits},
  journal={PLoS Genetics},
  abb={PLoS Genet.},
   volume = {14},
   number = {10},
   pages = {e1007549},
   ISSN = {1553-7390},
   year = {2018},
   type = {Journal Article}
}
%====== R ======%
@misc{R,
   author = {R Core Team},
   title = {R: A language and environment for statistical computing},
   publisher = {Vienna, Austria},
   url = {https://www.R-project.org/},
   year = {2022},
   type = {Computer Program}
}

@article{Rain12,
  title={{SNP} calling by sequencing pooled samples},
  author={Raineri, Emanuele and Ferretti, Luca and Esteve-Codina, Anna and Nevado, Bruno and Heath, Simon and P{\'e}rez-Enciso, Miguel},
  journal={BMC Bioinformatics},
  abb={BMC Bioinform.},
  volume={13},
  number={1},
  pages={1--8},
  year={2012},
  publisher={BioMed Central}
}

@article{Redd18,
  title={A genomic reference panel for \textit{Drosophila serrata}},
  author={Reddiex, Adam J and Allen, Scott L and Chenoweth, Stephen F},
  journal={G3: Genes, Genomes, Genetics},
  abb={G3: Genes, Genomes, Genetics},
  volume={8},
  number={4},
  pages={1335--1346},
  year={2018},
  publisher={G3: Genes, Genomes, Genetics}
}

@article{Redd21,
   author = {Reddiex, Adam J and Chenoweth, Stephen F},
   title = {Integrating genomics and multivariate evolutionary quantitative genetics{:} a case study of constraints on sexual selection in \textit{Drosophila serrata}},
   journal = {Proceedings of the Royal Society B: Biological Sciences},
   abb={Proc. R. Soc. B Biol. Sci.},
   volume = {288},
   number = {1960},
   pages = {20211785},
   ISSN = {0962-8452},
   year = {2021},
   type = {Journal Article}
}


@article{Reed01,
  title={The relative effects of mutation accumulation versus inbreeding depression on fitness in experimental populations of the housefly},
  author={Reed, David H and Bryant, Edwin H},
  journal={Zoo Biology},
  abb ={Zoo Biol.},
  volume={20},
  number={3},
  pages={145--156},
  year={2001},
  publisher={Wiley Online Library}
}

@article{Rock15,
  title={Systematic mapping of protein mutational space by prolonged drift reveals the deleterious effects of seemingly neutral mutations},
  author={Rockah-Shmuel, Liat and T{\'o}th-Petr{\'o}czy, {\'A}gnes and Tawfik, Dan S},
  journal={PLoS computational biology},
  abb={PLoS Comput. Biol.},
  volume={11},
  number={8},
  pages={e1004421},
  year={2015},
  publisher={Public Library of Science}
}

@article{Rock12,
  title={The {QTN} program and the alleles that matter for evolution: all that's gold does not glitter},
  author={Rockman, Matthew V},
  journal={Evolution},
  abb={Evolution},
  volume={66},
  number={1},
  pages={1--17},
  year={2012},
  publisher={Wiley Online Library}
}


@Article{Robe52,
  author  = {Robertson, FW and Reeve, E},
  title   = {Studies in quantitative inheritance {I}. The effects of selection of wing and thorax length in \textit{Drosophila melanogaster}},
  journal = {Journal of Genetics},
  abb = {J. Genet.},
  year    = {1952},
  volume  = {50},
  pages   = {414--448},
  type    = {Journal Article},
}

@article{Robe67,
  title={Animal breeding},
  author={Robertson, Alan},
  journal={Annual Review of Genetics},
  abb ={Annu. Rev. Genet.},
  volume={1},
  number={1},
  pages={295--312},
  year={1967},
  publisher={Annual Reviews 4139 El Camino Way, PO Box 10139, Palo Alto, CA 94303-0139, USA}
}

@article{Roff81,
   author = {Roff, Derek},
   title = {On being the right size},
   journal = {American Naturalist},
   abb = {Am. Nat.},
   volume = {118},
   number = {3},
   pages = {405--422},
   ISSN = {0003-0147},
   year = {1981},
   type = {Journal Article}
}

@Article{Rohl07,
  author  = {Rohlf, FJ},
  title   = {tpsRelw version 1.45},
  journal = {Department of Ecology and Evolution, State University of New York, Stony Brook},
  abb = {Department of Ecology and Evolution, State University of New York, Stony Brook},
  year    = {2007},
  type    = {Journal Article},
}

@Article{Rohl99,
  author  = {Rohlf, F James},
  title   = {Shape statistics: Procrustes superimpositions and tangent spaces},
  journal = {Journal of Classification},
  abb = {J. Classif.},
  year    = {1999},
  volume  = {16},
  number  = {2},
  pages   = {197--223},
  issn    = {0176-4268},
  type    = {Journal Article},
}

@Article{Rohl13,
  author  = {Rohlf, F James},
  title   = {tpsDig, digitize landmarks and outlines, version 2.17},
  journal = {Department of Ecology and Evolution, State University of New York at Stony Brook},
  abb = {Department of Ecology and Evolution, State University of New York at Stony Brook},
  year    = {2013},
  type    = {Journal Article},
}


@article{Role16,
   author = {Roles, Angela J and Rutter, Matthew T and Dworkin, Ian and Fenster, Charles B and Conner, Jeffrey K},
   title = {Field measurements of genotype by environment interaction for fitness caused by spontaneous mutations in \textit{Arabidopsis thaliana}},
   journal = {Evolution},
   abb = {Evolution},
   volume = {70},
   number = {5},
   pages = {1039--1050},
   ISSN = {0014-3820},
   year = {2016},
   type = {Journal Article}
}

@Article{Rund05,
  author  = {Rundle, H. D. and Chenoweth, S. F. and Doughty, P. and Blows, M. W.},
  title   = {Divergent selection and the evolution of signal traits and mating preferences},
  journal = {PLoS Biology},
  abb = {PLoS Biol.},
  year    = {2005},
  volume  = {3},
  number  = {11},
  pages   = {1988--1995},
  issn    = {1544-9173},
  doi     = {ARTN e368
DOI 10.1371/journal.pbio.0030368},
  type    = {Journal Article},
  url     = {<Go to ISI>://WOS:000233609300018},
}

@article{Russ63,
   author = {Russell, WA and Sprague, GF and Penny, LH},
   title = {Mutations affecting quantitative characters in long-time inbred lines of maize},
   journal = {Crop Science},
   abb = {Crop Sci.},
   volume = {3},
   number = {2},
   pages = {175--178},
   ISSN = {0011-183X},
   year = {1963},
   type = {Journal Article}
}

@article{Rutt10,
   author = {Rutter, M. T. and Shaw, F. H. and Fenster, C. B.},
   title = {Spontaneous mutation parameters for \textit{Arabidopsis thaliana} measured in the wild},
   journal = {Evolution},
   abb = {Evolution},
   volume = {64},
   number = {6},
   pages = {1825--35},
   DOI = {10.1111/j.1558-5646.2009.00928.x},
   url = {http://www.ncbi.nlm.nih.gov/pubmed/20030706},
   year = {2010},
   type = {Journal Article}
}

@article{Rutt18,
   author = {Rutter, Matthew T and Roles, Angela J and Fenster, Charles B},
   title = {Quantifying natural seasonal variation in mutation parameters with mutation accumulation lines},
   journal = {Ecology and Evolution},
   abb = {Ecol. Evol.}, 
   volume = {8},
   number = {11},
   pages = {5575--5585},
   ISSN = {2045-7758},
   year = {2018},
   type = {Journal Article}
}
%====== S ======%
@Article{Salo09,
  author  = {Salomon, Matthew P and Ostrow, Dejerianne and Phillips, Naomi and Blanton, Dustin and Bour, Whitney and Keller, Thomas E and Levy, Laura and Sylvestre, Thamar and Upadhyay, Ambuj and Baer, Charles F},
  title   = {Comparing mutational and standing genetic variability for fitness and size in \textit{Caenorhabditis briggsae} and \textit{C. elegans}},
  journal = {Genetics},
  abb = {Genetics},
  year    = {2009},
  volume  = {183},
  number  = {2},
  pages   = {685--692},
  issn    = {0016-6731},
  type    = {Journal Article},
}

@article{Sanj04,
  title={The distribution of fitness effects caused by single-nucleotide substitutions in an {RNA} virus},
  author={Sanju{\'a}n, Rafael and Moya, Andr{\'e}s and Elena, Santiago F},
  journal={Proceedings of the National Academy of Sciences},
  abb={Proc. Natl. Acad. Sci.},
  volume={101},
  number={22},
  pages={8396--8401},
  year={2004},
  publisher={National Acad Sciences}
}

@article{Sant92,
  title={The distribution of spontaneous mutations on quantitative traits and fitness in \textit{Drosophila melanogaster}},
  author={Santiago, Enrique and Albornoz, Jesus and Dom{\'i}nguez, Ana and Toro, MA and L{\'o}pez-Fanjul, Carlos},
  journal={Genetics},
  abb ={Genetics},
  volume={132},
  number={3},
  pages={771--781},
  year={1992},
  publisher={Genetics Soc America}
}

@article{Saxe12,
  title={Whole genome sequencing of mutation accumulation lines reveals a low mutation rate in the social amoeba \textit{Dictyostelium discoideum}},
  author={Saxer, Gerda and Havlak, Paul and Fox, Sara A and Quance, Michael A and Gupta, Sharu and Fofanov, Yuriy and Strassmann, Joan E and Queller, David C},
  journal={PloS one},
  abb ={PloS one},
  volume={7},
  number={10},
  year={2012},
  pages={e46759},
  publisher={Public Library of Science}
}

@article{Schl14,
  title={Sequencing pools of individuals—mining genome-wide polymorphism data without big funding},
  author={Schl{\"o}tterer, Christian and Tobler, Raymond and Kofler, Robert and Nolte, Viola},
  journal={Nature Reviews Genetics},
  abb={Nat. Rev. Genet.},
  volume={15},
  number={11},
  pages={749--762},
  year={2014},
  publisher={Nature Publishing Group}
}

@article{Schl15,
  title={Combining experimental evolution with next-generation sequencing{:} a powerful tool to study adaptation from standing genetic variation},
  author={Schl{\"o}tterer, Christian and Kofler, R and Versace, E and Tobler, R and Franssen, SU},
  journal={Heredity},
  abb={Heredity},
  volume={114},
  number={5},
  pages={431--440},
  year={2015},
  publisher={Nature Publishing Group}
}

@article{Scho05,
   author = {Schoen, Daniel J },
   title = {Deleterious mutation in related species of the plant genus Amsinckia with contrasting mating systems},
   journal = {Evolution},
   abb = {Evolution},
   volume = {59},
   number = {11},
   pages = {2370--2377},
   ISSN = {0014-3820},
   year = {2005},
   type = {Journal Article}
}

@article{Schr13,
  title={Rates and genomic consequences of spontaneous mutational events in \textit{Drosophila melanogaster}},
  author={Schrider, Daniel R and Houle, David and Lynch, Michael and Hahn, Matthew W},
  journal={Genetics},
  abb ={Genetics},
  volume={194},
  number={4},
  pages={937--954},
  year={2013},
  publisher={Genetics Soc America}
}

@article{Schu99,
  title={Spontaneous deleterious mutation in \textit{Arabidopsis thaliana}},
  author={Schultz, Stewart T and Lynch, Michael and Willis, John H},
  journal={Proceedings of the National Academy of Sciences},
  abb={Proc. Natl. Acad. Sci. },
  volume={96},
  number={20},
  pages={11393--11398},
  year={1999},
  publisher={National Acad Sciences}
}

@article{Seme19,
   author = {Semenov, Georgy A and Safran, Rebecca J and Smith, Chris CR and Turbek, Sheela P and Mullen, Sean P and Flaxman, Samuel M},
   title = {Unifying theoretical and empirical perspectives on genomic differentiation},
   journal = {Trends in Ecology \& Evolution},
   abb={Trends Ecol. Evol.},
   volume = {34},
   number = {11},
   pages = {987-995},
   ISSN = {0169-5347},
   year = {2019},
   type = {Journal Article}
}

@article{Self87,
  title={Asymptotic properties of maximum likelihood estimators and likelihood ratio tests under nonstandard conditions},
  author={Self, Steven G and Liang, Kung-Yee},
  journal={Journal of the American Statistical Association},
  abb={J. Am. Stat. Assoc.},
  volume={82},
  number={398},
  pages={605--610},
  year={1987},
  publisher={Taylor \& Francis}
}

@Article{Shaw00,
  author        = {Shaw, R. G. and Byers, D. L. and Darmo, E.},
  title         = {Spontaneous mutational effects on reproductive traits of \textit{Arabidopsis thaliana}},
  journal       = {Genetics},
  abb       = {Genetics},
  year          = {2000},
  volume        = {155},
  number        = {1},
  pages         = {369--78},
  issn          = {0016-6731 (Print)
0016-6731 (Linking)},
  __markedentry = {[s4235890:]},
  type          = {Journal Article},
  url           = {http://www.ncbi.nlm.nih.gov/pubmed/10790410},
}

@article{Shaw02,
  title={A comprehensive model of mutations affecting fitness and inferences for \textit{Arabidopsis thaliana}},
  author={Shaw, Frank H and Geyer, Charles J and Shaw, Ruth G},
  journal={Evolution},
  abb={Evolution},
  volume={56},
  number={3},
  pages={453--463},
  year={2002},
  publisher={Wiley Online Library}
}


@Article{Simm77,
  author    = {Simmons, Michael J and Crow, James F},
  title     = {Mutations affecting fitness in \textit{Drosophila} populations},
  journal   = {Annual Review of Genetics},
  abb   = {Annu. Rev. Genet.},
  year      = {1977},
  volume    = {11},
  number    = {1},
  pages     = {49--78},
  publisher = {Annual Reviews 4139 El Camino Way, PO Box 10139, Palo Alto, CA 94303-0139, USA},
}

@article{Simo18,
  title={A population genetic interpretation of GWAS findings for human quantitative traits},
  author={Simons, Yuval B and Bullaughey, Kevin and Hudson, Richard R and Sella, Guy},
  journal={PLoS biology},
  abv={PLoS Biol.},
  volume={16},
  number={3},
  pages={e2002985},
  year={2018},
  publisher={Public Library of Science San Francisco, CA USA}
}

@article{Sila07,
  title={Understanding the evolutionary fate of finite populations: the dynamics of mutational effects},
  author={Silander, Olin K and Tenaillon, Olivier and Chao, Lin},
  journal={PLoS Biology},
  abb ={PLoS Biol.},
  volume={5},
  number={4},
  pages={e94},
  year={2007},
  publisher={Public Library of Science}
}

@article{Smed16,
  title={Direct estimate of the rate of germline mutation in a bird},
  author={Smeds, Linn{\'e}a and Qvarnstr{\"o}m, Anna and Ellegren, Hans},
  journal={Genome Research},
  abb={Genome Res.},
  volume={26},
  number={9},
  pages={1211--1218},
  year={2016},
  publisher={Cold Spring Harbor Lab}
}

@Article{Smit02,
  author        = {Smith, Nick GC and Eyre-Walker, Adam},
  title         = {Adaptive protein evolution in \textit{Drosophila}},
  journal       = {Nature},
  abb       = {Nature},
  year          = {2002},
  volume        = {415},
  number        = {6875},
  pages         = {1022--1024},
  issn          = {0028-0836},
  __markedentry = {[s4235890:]},
  type          = {Journal Article},
}

@article{Stea95,
   author = {Stearns, Stephen C and Kaiser, Marcel and Kawecki, Tadeusz J},
   title = {The differential genetic and environmental canalization of fitness components in \textit{Drosophila melanogaster}},
   journal = {Journal of Evolutionary Biology},
   volume = {8},
   number = {5},
   pages = {539--557},
   ISSN = {1010-061X},
   year = {1995},
   type = {Journal Article}
}

@article{Stin08,
   author = {Stinchcombe, John R and Hoekstra, Hopi E},
   title = {Combining population genomics and quantitative genetics{:} finding the genes underlying ecologically important traits},
   journal = {Heredity},
   abb = {Heredity},
   volume = {100},
   number = {2},
   pages = {158-170},
   ISSN = {1365-2540},
   year = {2008},
   type = {Journal Article}
}

@article{Sung12,
  title={Drift-barrier hypothesis and mutation-rate evolution},
  author={Sung, Way and Ackerman, Matthew S and Miller, Samuel F and Doak, Thomas G and Lynch, Michael},
  journal={Proceedings of the National Academy of Sciences},
  abb={Proc. Natl. Acad. Sci. },
  volume={109},
  number={45},
  pages={18488--18492},
  year={2012},
  publisher={National Acad Sciences}
}

@article{Sung16,
   author = {Sung, Way and Ackerman, Matthew S and Dillon, Marcus M and Platt, Thomas G and Fuqua, Clay and Cooper, Vaughn S and Lynch, Michael},
   title = {Evolution of the insertion-deletion mutation rate across the tree of life},
   journal = {G3: Genes, Genomes, Genetics},
   abb={G3: Genes, Genomes, Genetics},
   volume = {6},
   number = {8},
   pages = {2583-2591},
   ISSN = {2160-1836},
   year = {2016},
   type = {Journal Article}
}

@article{Szam14,
  title={The genomic landscape of compensatory evolution},
  author={Szamecz, B{\'e}la and Boross, G{\'a}bor and Kalapis, Dorottya and Kov{\'a}cs, K{\'a}roly and Fekete, Gergely and Farkas, Zolt{\'a}n and L{\'a}z{\'a}r, Vikt{\'o}ria and Hrtyan, M{\'o}nika and Kemmeren, Patrick and Groot Koerkamp, Marian JA and others},
  journal={PLoS Biology},
  abb = {PLoS Biol.},
  volume={12},
  number={8},
  pages={e1001935},
  year={2014},
  publisher={Public Library of Science San Francisco, USA}
  }

@article{Szte15,
  title={Dominance genetic variance for traits under directional selection in \textit{Drosophila serrata}},
  author={Sztepanacz, Jacqueline L and Blows, Mark W},
  journal={Genetics},
  abb={Genetics},
  volume={200},
  number={1},
  pages={371--384},
  year={2015},
  publisher={Genetics Soc America}
}


@Article{Szte17a,
  author  = {Sztepanacz, Jacqueline L and Blows, Mark W},
  title   = {Accounting for Sampling Error in Genetic Eigenvalues Using Random Matrix Theory},
  journal = {Genetics},
  abb = {Genetics},
  year    = {2017},
  volume        = {206},
  pages   = {1271--1284},
  issn    = {0016-6731},
  type    = {Journal Article},
}

@article{Szte17b,
  title={Heritable micro-environmental variance covaries with fitness in an outbred population of \textit{Drosophila serrata}},
  author={Sztepanacz, Jacqueline L and McGuigan, Katrina and Blows, Mark W},
  journal={Genetics},
  abb={Genetics},
  volume={206},
  number={4},
  pages={2185--2198},
  year={2017},
  publisher={Genetics Soc America}
}

@article{Szte19,
   author = {Sztepanacz, Jacqueline L and Houle, David},
   title = {Cross{‐}sex genetic covariances limit the evolvability of wing{‐}shape within and among species of \textit{Drosophila}},
   journal = {Evolution},
   abb = {Evolution},
   volume = {73},
   number = {8},
   pages = {1617--1633},
   ISSN = {1558-5646},
   year = {2019},
   type = {Journal Article}
}

@article{Szte21,
   author = {Sztepanacz, Jacqueline L and Houle, David},
   title = {Allometry constrains the evolution of sexual dimorphism in \textit{Drosophila} across 33 million years of divergence},
   journal = {Evolution},
   abb = {Evolution},
   volume = {75},
   number = {5},
   pages = {1117--1131},
   ISSN = {1558-5646},
   year = {2021},
   type = {Journal Article}
}
%====== T ======%
@article{Taji83,
   author = {Tajima, Fumio},
   title = {Evolutionary relationship of {DNA} sequences in finite populations},
   journal = {Genetics},
   abb={Genetics},
   volume = {105},
   number = {2},
   pages = {437-460},
   ISSN = {1943-2631},
   year = {1983},
   type = {Journal Article}
}

@article{Taji89,
   author = {Tajima, Fumio},
   title = {Statistical method for testing the neutral mutation hypothesis by {DNA} polymorphism},
   journal = {Genetics},
   abb={Genetics},
   volume = {123},
   number = {3},
   pages = {585-595},
   ISSN = {0016-6731},
   year = {1989},
   type = {Journal Article}
}

@Article{Tata17,
  author={Tataru, Paula and Mollion, Ma{\'e}va and Gl{\'e}min, Sylvain and Bataillon, Thomas},
  title         = {Inference of distribution of fitness effects and proportion of adaptive substitutions from polymorphism data},
  journal       = {Genetics},
  abb       = {Genetics},
  year          = {2017},
  volume        = {207},
  number        = {3},
  pages         = {1103--1119},
  issn          = {0016-6731},
  __markedentry = {[s4235890:]},
  type          = {Journal Article},
}

@article{Thom18,
  title={Reproductive longevity predicts mutation rates in primates},
  author={Thomas, Gregg WC and Wang, Richard J and Puri, Arthi and Harris, R Alan and Raveendran, Muthuswamy and Hughes, Daniel ST and Murali, Shwetha C and Williams, Lawrence E and Doddapaneni, Harsha and Muzny, Donna M and others},
  journal={Current Biology},
  abb={Curr. Biol.},
  volume={28},
  number={19},
  pages={3193--3197},
  year={2018},
  publisher={Elsevier}
}

@article{Thom22,
   author = {Thomas, Paul D and Ebert, Dustin and Muruganujan, Anushya and Mushayahama, Tremayne and Albou, Laurent‐Philippe and Mi, Huaiyu},
   title = {{PANTHER:} {M}aking genome‐scale phylogenetics accessible to all},
   journal = {Protein Science},
   abb = {Protein Sci.},
   volume = {31},
   number = {1},
   pages = {8-22},
   ISSN = {0961-8368},
   year = {2022},
   type = {Journal Article}
}

@article{Trot01,
  title={Mutation--Selection Balance},
  author={Trotter, Meredith V},
  journal={eLS},
  abb ={eLS},
  year={2001},
  publisher={Wiley Online Library}
}

@article{Ture84,
  title={Heritable genetic variation via mutation-selection balance: {L}erch's zeta meets the abdominal bristle},
  author={Turelli, Michael},
  journal={Theoretical Population Biology},
  abb ={Theor. Popul. Biol.},
  volume={25},
  number={2},
  pages={138--193},
  year={1984},
  publisher={Elsevier}
}

@article{Ture85,
  title={Effects of pleiotropy on predictions concerning mutation-selection balance for polygenic traits},
  author={Turelli, Michael},
  journal={Genetics},
  abb ={Genetics},
  volume={111},
  number={1},
  pages={165--195},
  year={1985},
  publisher={Genetics Soc America}
}

@article{Ture88,
  title={Phenotypic evolution, constant covariances, and the maintenance of additive variance},
  author={Turelli, Michael},
  journal={Evolution},
  abb={Evolution},
  volume={42},
  number={6},
  pages={1342--1347},
  year={1988},
  publisher={JSTOR}
}

@article{Turn11,
  title={Population-based resequencing of experimentally evolved populations reveals the genetic basis of body size variation in \textit{Drosophila melanogaster}},
  author={Turner, Thomas L and Stewart, Andrew D and Fields, Andrew T and Rice, William R and Tarone, Aaron M},
  journal={PLoS Genetics},
  abb={PLoS Genet.},
  volume={7},
  number={3},
  pages={e1001336},
  year={2011},
  publisher={Public Library of Science}
}

@article{Turl18,
   author = {Turley, Patrick and Walters, Raymond K and Maghzian, Omeed and Okbay, Aysu and Lee, James J and Fontana, Mark Alan and Nguyen-Viet, Tuan Anh and Wedow, Robbee and Zacher, Meghan and Furlotte, Nicholas A},
   title = {Multi{-}trait analysis of genome{-}wide association summary statistics using {MTAG}},
   journal = {Nature Genetics},
  abb={Nat. Genet.},   
   volume = {50},
   number = {2},
   pages = {229--237},
   ISSN = {1546-1718},
   year = {2018},
   type = {Journal Article}
}

%====== U ======%

%====== V ======%
@article{VanDerGraa15,
  title={Rate, spectrum, and evolutionary dynamics of spontaneous epimutations},
  author={Van Der Graaf, Adriaan and Wardenaar, Ren{\'e} and Neumann, Drexel A and Taudt, Aaron and Shaw, Ruth G and Jansen, Ritsert C and Schmitz, Robert J and Colom{\'e}-Tatch{\'e}, Maria and Johannes, Frank},
  journal={Proceedings of the National Academy of Sciences, USA},
  abb={Proc. Natl. Acad. Sci. U.S.A},
  volume={112},
  number={21},
  pages={6676--6681},
  year={2015},
  publisher={National Acad Sciences}
}

@Article{Vass99,
  author  = {Vassilieva, Larissa L and Lynch, Michael},
  title   = {The rate of spontaneous mutation for life-history traits in \textit{Caenorhabditis elegans}},
  journal = {Genetics},
  abb = {Genetics},
  year    = {1999},
  volume  = {151},
  number  = {1},
  pages   = {119--129},
  issn    = {0016-6731},
  type    = {Journal Article},
}

@Article{Vass00,
  author  = {Vassilieva, Larissa L and Hook, Aaron M and Lynch, Michael},
  title   = {The fitness effects of spontaneous mutations in \textit{Caenorhabditis elegans}},
  journal = {Evolution},
  abb = {Evolution},
  year    = {2000},
  volume  = {54},
  number  = {4},
  pages   = {1234--1246},
  issn    = {1558-5646},
  type    = {Journal Article},
}

@Book{Vena02,
  author  = {Venables, WN and Ripley, BD and Venables, WN},
  title   = {{M}odern {A}pplied {S}tatistics with {S}4 edition},
  year    = {2002},
  publisher = {Springer, New York},
}

@article{Venn14,
  title={Strong male bias drives germline mutation in chimpanzees},
  author={Venn, Oliver and Turner, Isaac and Mathieson, Iain and de Groot, Natasja and Bontrop, Ronald and McVean, Gil},
  journal={Science},
  abb={Science},
  volume={344},
  number={6189},
  pages={1272--1275},
  year={2014},
  publisher={American Association for the Advancement of Science}
}


@article{Viss10,
  title={A commentary on {'}common {SNP}s explain a large proportion of the heritability for human height{'} by {Y}ang \textit{et al.} (2010)},
  author={Visscher, Peter M and Yang, Jian and Goddard, Michael E},
  journal={Twin Research and Human Genetics},
  abb={Twin Res. Hum. Genet.},
  volume={13},
  number={6},
  pages={517--524},
  year={2010},
  publisher={Cambridge University Press}
}

@article{Vlac19,
  title={Benchmarking software tools for detecting and quantifying selection in evolve and resequencing studies},
  author={Vlachos, Christos and Burny, Claire and Pelizzola, Marta and Borges, Rui and Futschik, Andreas and Kofler, Robert and Schl{\"o}tterer, Christian},
  journal={Genome Biology},
  abb={Genome Biol.},
  volume={20},
  pages={1-11},
  year={2019},
  publisher={Springer}
}

@Article{Voig05,
  author        = {Voight, B. F. and Adams, A. M. and Frisse, L. A. and Qian, Y. D. and Hudson, R. R. and Di Rienzo, A.},
  title         = {Interrogating multiple aspects of variation in a full re-sequencing data set to infer human population size changes},
  journal       = {Proceedings of the National Academy of Sciences of the United States of America},
  abb       = {Proc. Natl. Acad. Sci. USA},
  year          = {2005},
  volume        = {102},
  number        = {51},
  pages         = {18508-18513},
  issn          = {0027-8424},
  __markedentry = {[s4235890:]},
  doi           = {10.1073/pnas.0507325102},
  type          = {Journal Article},
  url           = {<Go to ISI>://WOS:000234174300048},
}

%====== W ======%
@article{Wahl22,
   author = {Wahl, Lindi M and Agashe, Deepa},
   title = {Selection bias in mutation accumulation},
   journal = {Evolution},
   abb = {Evolution},
   volume = {76},
   number = {3},
   pages = {528-540},
   ISSN = {0014-3820},
   year = {2022},
   type = {Journal Article}
}

@article{Wagn08,
  title={Pleiotropic scaling of gene effects and the ‘cost of complexity’},
  author={Wagner, G{\"u}nter P and Kenney-Hunt, Jane P and Pavlicev, Mihaela and Peck, Joel R and Waxman, David and Cheverud, James M},
  journal={Nature},
  abb={Nature},
  volume={452},
  number={7186},
  pages={470--472},
  year={2008},
  publisher={Nature Publishing Group}
}

@Article{Wall00,
  author        = {Wall, J. D. and Przeworski, M.},
  title         = {When did the human population size start increasing?},
  journal       = {Genetics},
  abb       = {Genetics},
  year          = {2000},
  volume        = {155},
  number        = {4},
  pages         = {1865--1874},
  issn          = {0016-6731},
  __markedentry = {[s4235890:]},
  type          = {Journal Article},
  url           = {<Go to ISI>://WOS:000088664500031},
}

@article{Wals09,
  title={Abundant genetic variation {+} strong selection {=} multivariate genetic constraints{:} a geometric view of adaptation},
  author={Walsh, Bruce and Blows, Mark W},
  journal={Annual Review of Ecology, Evolution, and Systematics},
  abb={Annu. Rev. Ecol. Evol. Syst.},
  volume={40},
  pages={41--59},
  year={2009},
  publisher={Annual Reviews}
}

@Incollection{Wals14olds,
  booktitle={Evolution and Selection of Quantitative Traits:  {II}. Advanced Topics in Breeding and Evolution},
  title={Maintenance of {Q}uantitative {G}enetic {V}ariation},
  author={Walsh, B and Lynch, M},
  publisher ={http://nitro. biosci. arizona. edu/zbook/NewVolume\_2/newvol2. html},
  chapter = 24,
  year={2013},
  pages={243--309},
}

@incollection{Wals18c12,
  title        = {Neutral divergence of quantitative traits},
  booktitle    = {Evolution and selection of quantitative traits},
  author       = {Walsh, Bruce and Lynch, Michael},
  chapter      = {12},
  pages        = {425--478},
  year={2018},
  publisher={Oxford University Press}
}

@incollection{Wals18c27,
  title        = {Maintenance of quantitative genetic variability},
  booktitle    = {Evolution and selection of quantitative traits},
  author       = {Walsh, Bruce and Lynch, Michael},
  chapter      = {27},
  pages        = {991--1013},
  year={2018},
  publisher={Oxford University Press}
}

@book{Wals18,
  title={Evolution and {S}election of {Q}uantitative {T}raits},
  author={Walsh, Bruce and Lynch, Michael},
  year={2018},
  publisher={Oxford University Press}
}

@article{Wayn98,
  title={Quantitative genetics of ovariole number in \textit{Drosophila melanogaster}. {II}. {M}utational variation and genotype-environment interaction},
  author={Wayne, Marta L and Mackay, Trudy FC},
  journal={Genetics},
  abb={Genetics},
  volume={148},
  number={1},
  pages={201--210},
  year={1998},
  publisher={Genetics Soc America}
}

@article{Webb02,
  title={Analysis of similarity within 142 pairs of orthologous intergenic regions of \textit{Caenorhabditis elegans} and \textit{Caenorhabditis briggsae}},
  author={Webb, Colleen T and Shabalina, Svetlana A and Ogurtsov, Aleksey Yu and Kondrashov, Alexey S},
  journal={Nucleic Acids Research},
  abb ={Nucleic Acids Res.},
  volume={30},
  number={5},
  pages={1233--1239},
  year={2002},
  publisher={Oxford University Press}
}

@article{Webe96,
  title={Large genetic change at small fatness cost in large populations of \textit{Drosophila melanogaster} selected for wind tunnel flight: rethinking fitness surfaces},
  author={Weber, KE},
  journal={Genetics},
  abb={Genetics},
  volume={144},
  number={1},
  pages={205--213},
  year={1996},
  publisher={Genetics Soc America}
}

@article{Weir84,
   author = {Weir, Bruce S and Cockerham, C Clark},
   title = {Estimating \textit{f}-statistics for the analysis of population structure},
   journal = {Evolution},
   abb = {Evolution},
   pages = {1358-1370},
   ISSN = {0014-3820},
   year = {1984},
   type = {Journal Article}
}

@article{Wibe17,
   author = {Wiberg, R Axel W and Gaggiotti, Oscar E and Morrissey, Michael B and Ritchie, Michael G},
   title = {Identifying consistent allele frequency differences in studies of stratified populations},
   journal = {Methods in Ecology and Evolution},
   abb={Methods Ecol. Evol.},
   volume = {8},
   number = {12},
   pages = {1899-1909},
   ISSN = {2041-210X},
   year = {2017},
   type = {Journal Article}
}

@Article{Wils11,
  author        = {Wilson, Daniel J and Hernandez, Ryan D and Andolfatto, Peter and Przeworski, Molly},
  title         = {A population genetics-phylogenetics approach to inferring natural selection in coding sequences},
  journal       = {PLoS Genetics},
  abb       = {PLoS Genet.},
  year          = {2011},
  volume        = {7},
  number        = {12},
  pages         = {e1002395},
  issn          = {1553-7404},
  __markedentry = {[s4235890:]},
  type          = {Journal Article},
}

@article{Wint17,
   author = {Winter, David J},
   title = {rentrez{:} {A}n {R} package for the {NCBI} e{U}tils {API}},
   journal = {The R Journal},
   abb ={R J.},
   volume = {9},
   pages = {520-526},
   year = {2017}
}

@article{Wloc01,
   author = {Wloch, Dominika M and Szafraniec, Krzysztof and Borts, Rhona H and Korona, Ryszard},
   title = {Direct estimate of the mutation rate and the distribution of fitness effects in the yeast \textit{Saccharomyces cerevisiae}},
   journal = {Genetics},
   abb={Genetics},
   volume = {159},
   number = {2},
   pages = {441-452},
   ISSN = {1943-2631},
   year = {2001},
   type = {Journal Article}
}

@article{Wrig31,
  title={Evolution in {M}endelian populations},
  author={Wright, Sewall},
  journal={Genetics},
  abb={Genetics},
  volume={16},
  number={2},
  pages={97--159},
  year={1931},
  publisher={Genetics Society of America}
}

@article{Wu20,
   author = {Wu, Chong},
   title = {Multi{-}trait genome-wide analyses of the brain imaging phenotypes in {UK} Biobank},
   journal = {Genetics},
   abb  = {Genetics},
   volume = {215},
   number = {4},
   pages = {947--958},
   ISSN = {1943-2631},
   year = {2020},
   type = {Journal Article}
}

%====== X ======%
@article{Xu04,
  title={Genotype-environment interactions of spontaneous mutations for vegetative fitness in the human pathogenic fungus \textit{Cryptococcus neoformans}},
  author={Xu, Jianping},
  journal={Genetics},
  abb ={Genetics},
  volume={168},
  number={3},
  pages={1177--1188},
  year={2004},
  publisher={Genetics Soc America}
}
%====== Y ======%

@article{Yang10,
  title={Common {SNP}s explain a large proportion of the heritability for human height},
  author={Yang, Jian and Benyamin, Beben and McEvoy, Brian P and Gordon, Scott and Henders, Anjali K and Nyholt, Dale R and Madden, Pamela A and Heath, Andrew C and Martin, Nicholas G and Montgomery, Grant W and others},
  journal={Nature Genetics},
  abb={Nat. Genet.},
  volume={42},
  number={7},
  pages={565--569},
  year={2010},
  publisher={Nature Publishing Group}
}

@article{Yang15,
  title={Parent--progeny sequencing indicates higher mutation rates in heterozygotes},
  author={Yang, Sihai and Wang, Long and Huang, Ju and Zhang, Xiaohui and Yuan, Yang and Chen, Jian-Qun and Hurst, Laurence D and Tian, Dacheng},
  journal={Nature},
  abb={Nature},
  volume={523},
  number={7561},
  pages={463--467},
  year={2015},
  publisher={Nature Publishing Group}
}

%====== Z ======%
@article{Zeyl01,
  title={Estimates of the rate and distribution of fitness effects of spontaneous mutation in \textit{Saccharomyces cerevisiae}},
  author={Zeyl, Clifford and DeVisser, J Arjan GM},
  journal={Genetics},
  abb={Genetics},
  volume={157},
  number={1},
  pages={53--61},
  year={2001},
  publisher={Genetics Soc America}
}

@article{Zhan02,
  title={Joint effects of pleiotropic selection and stabilizing selection on the maintenance of quantitative genetic variation at mutation-selection balance},
  author={Zhang, {Xu-Sheng} and Hill, William G},
  journal={Genetics},
  abb ={Genetics},
  volume={162},
  number={1},
  pages={459--471},
  year={2002},
  publisher={Genetics Soc America}
}

@article{Zhan03,
  title={Multivariate stabilizing selection and pleiotropy in the maintenance of quantitative genetic variation},
  author={Zhang, {Xu-Sheng} and Hill, William G},
  journal={Evolution},
  abb ={Evolution},
  volume={57},
  number={8},
  pages={1761--1775},
  year={2003},
  publisher={Wiley Online Library}
}

@article{Zhan05,
  title={Genetic variability under mutation selection balance},
  author={Zhang,{Xu-Sheng} and Hill, William G},
  journal={Trends in Ecology \& Evolution},
  abb={Trends Ecol. Evol.},
  volume={20},
  number={9},
  pages={468--470},
  year={2005},
  publisher={Elsevier}
}

@article{Zhan05env,
   author = {Zhang, Xu‐Sheng and Hill, William G},
   title = {Evolution of the environmental component of the phenotypic variance{:} stabilizing selection in changing environments and the cost of homogeneity},
   journal = {Evolution},
   abb  = {Evolution},
   volume = {59},
   number = {6},
   pages = {1237--1244},
   ISSN = {1558-5646},
   year = {2005},
   type = {Journal Article}
}

%%%%%%%%%%%%%%%%%%%%%%%%%%%%%%%%%%%%%%%%%%%%%%%%%%%%%%%%%%%%%%%%%%%%%%%%%%%%%%%%%%%%%%%%%%%%%%%%%%%%%%%%%%%%%%%%

% ===========   R & Bioinformatic PACKAGES REFERENCES  ==========  %
%Package references

@misc{Andr14,
  title={Bam{QC}: A quality control application for {BAM} files},
  author={Andrews, S},
  year={2014},
  url = { https://github.com/s-andrews/BamQC}
}

%Package references
@Manual{corrplot2017,
    title = {R package "corrplot": Visualization of a Correlation Matrix},
    author = {Taiyun Wei and Viliam Simko},
    year = {2017},
    note = {(Version 0.84)},
    url = {https://github.com/taiyun/corrplot},
  }